2138 2845
955 183 1056 224 231

77 324 273 378 consilio,
322 335 397 376 pro
445 325 627 365 remedio
680 325 902 365 animarum
950 337 1116 364 suarum
1163 327 1204 364 et
1251 323 1598 375 predecessorum
1652 336 1818 364 suorum
1865 326 1930 364 ius

79 397 325 446 patronatus
359 394 544 432 ecclesie
578 393 829 444 parochialis
863 394 904 432 in
936 392 1125 433 Lubsicz
1158 392 1418 431 donauerunt
1451 396 1493 432 et
1519 392 1725 432 dederunt
1758 396 1799 432 et
1826 404 1931 432 con-

76 462 258 502 tulerunt
283 462 426 501 iisdem
447 460 646 501 fratribus
665 465 864 512 perpetuo
882 461 1173 512 possidendum
1195 460 1304 499 nulla
1329 460 1565 500 conditione
1589 462 1657 499 vel
1681 462 1932 512 exceptione

76 531 244 582 penitus
269 530 510 569 interclusa.
544 529 647 570 Cum
675 531 806 583 igitur
831 529 1082 569 authoritate
1101 528 1326 582 ordinaria,
1353 528 1406 568 ad
1432 532 1512 568 tam
1531 529 1636 579 piam
1659 532 1699 567 et
1717 529 1932 568 solennem

78 598 340 638 donationem
380 609 629 637 consensum
677 602 719 637 et
758 609 976 637 assensum
1016 596 1241 636 debeamus
1281 608 1362 636 non
1408 597 1605 636 immerito
1647 594 1933 635 fauorabiliter

77 665 295 719 adhibere,
329 665 554 717 predictam
583 665 842 704 donationem
876 676 951 705 seu
975 666 1231 704 collationem
1264 670 1342 704 tam
1371 666 1450 704 rite
1484 677 1602 716 quam
1632 665 1934 704 rationabiliter

76 732 242 787 factam,
275 732 448 785 prefatis
480 732 677 772 fratribus
717 733 768 773 de
803 733 992 773 Grobnik
1024 731 1320 787 confirmamus,
1353 733 1643 786 approbamus7
1681 731 1933 772 ratificamus

76 803 169 841 sine
201 803 308 842 omni
340 801 670 841 contradictione
709 802 748 840 in
783 806 1022 853 perpetuum
1063 800 1368 854 possidendum,
1403 802 1608 840 mittentes
1648 801 1933 840 nichilominus

76 869 194 920 ipsos
231 870 274 908 in
307 870 619 920 possessionem
654 870 828 921 predicti
869 871 969 909 iuris
1004 873 1245 920 patronatus
1285 870 1324 908 in
1359 870 1521 910 nomine
1557 870 1685 920 patris
1719 872 1760 908 et
1793 867 1858 907 filii
1893 872 1935 907 et

77 937 249 988 spiritus
281 938 430 977 sancti.
473 938 711 977 Inhibemus
745 942 941 989 preterea
974 942 1054 976 tam
1087 937 1353 988 presentibus
1387 949 1506 988 quam
1539 936 1687 976 futuris
1715 938 1792 976 sub
1826 949 1933 975 ana-

76 1005 270 1045 thematis
312 1006 660 1059 interminatione,
703 1017 756 1045 ne
805 1007 898 1057 quis
938 1005 1032 1044 huic
1073 1005 1280 1044 collationi
1320 1006 1412 1044 siue
1451 1009 1594 1044 nostre
1637 1003 1933 1044 confirmationi

77 1077 290 1125 presumat
328 1074 397 1114 vel
437 1074 590 1114 audeat
622 1086 726 1113 ausu
765 1075 986 1114 temerario
1028 1075 1253 1112 contraire.
1317 1071 1437 1120 Quod
1478 1077 1613 1112 autem
1652 1073 1732 1111 hec
1766 1073 1933 1112 collatio

79 1142 171 1182 siue
203 1145 348 1182 nostra
380 1141 633 1182 confirmatio
667 1142 794 1181 robur
827 1143 1011 1182 obtineat
1044 1144 1246 1192 perpetue
1287 1139 1499 1194 firmitatis,
1535 1145 1771 1192 presentem
1805 1142 1934 1194 pagi-

77 1221 171 1250 nam
203 1210 300 1250 inde
333 1210 542 1250 conscribi
570 1211 786 1261 nostrique
818 1210 949 1263 sigilli
975 1210 1192 1249 munimine
1224 1210 1417 1248 iussimus
1442 1210 1692 1256 communiri.
1733 1209 1935 1248 'restibus

78 1277 132 1316 ad
157 1278 359 1317 cautelam
385 1278 644 1317 nihilominus
670 1278 917 1317 subnotatis.
957 1277 1113 1316 Testes
1135 1281 1269 1316 autem
1290 1278 1357 1328 qui
1383 1278 1573 1330 adei-ant7
1597 1280 1713 1316 sunt:
1748 1276 1934 1316 dominus

77 1345 329 1385 Herbordus
362 1343 524 1395 dapifer
555 1349 700 1385 noster
731 1346 913 1384 Ioannes
946 1348 988 1384 et
1020 1343 1242 1385 Conradus
1276 1344 1342 1384 filii
1377 1346 1521 1399 ipsius‚
1555 1345 1740 1386 dominus
1773 1345 1935 1384 Ludol-

77 1412 184 1464 phus
233 1412 286 1452 de
331 1412 471 1467 Nasil,
512 1413 695 1452 Ioannes
735 1414 1005 1467 scolasticus7
1048 1414 1254 1453 Dittricus
1303 1414 1355 1453 de
1405 1415 1693 1468 fo‘llenstein⁷
1744 1414 1934 1453 canonici

77 1480 393 1535 Olomucenses7
417 1482 625 1536 magister
656 1482 810 1521 Petrus
834 1482 1034 1534 physicus
1067 1486 1226 1536 noster7
1255 1482 1441 1521 dominus
1466 1482 1656 1521 Achilles
1685 1486 1725 1521 et
1750 1482 1935 1521 dominus

76 1549 278 1589 Nicolaus
310 1550 460 1589 milites
493 1551 638 1603 nostri7
671 1554 712 1589 et
739 1551 806 1589 alii
840 1561 957 1601 quam
992 1550 1146 1600 plures.
1188 1551 1338 1590 Actum
1372 1554 1414 1590 et
1440 1550 1575 1589 datum
1609 1551 1649 1589 in
1674 1550 1934 1603 Hotzempla⁷

77 1629 154 1669 per
184 1630 344 1658 manum
377 1618 578 1657 Iohannis
613 1619 762 1657 notarii
796 1619 941 1658 nostri.
988 1619 1114 1658 Anno
1146 1619 1324 1659 Domini.
1357 1619 1417 1659 M.
1452 1617 1541 1659 CC.
1574 1618 1780 1658 LXXIX.
1834 1618 1933 1658 XV.

76 1685 296 1726 Kalendas
329 1686 593 1726 Nouembris.

387 1783 418 1816 E
442 1785 565 1826 copia
588 1783 786 1816 vidimata
816 1793 906 1816 saec.
929 1783 1041 1816 XVII.
1064 1786 1096 1816 in
1119 1784 1254 1817 archivo
1278 1784 1642 1826 archiepiscopali
1666 1782 1933 1815 olomucensi.

923 1949 1100 1992 CLXX.

79 2050 197 2090 Idem
229 2051 515 2092 vicedominus
549 2053 841 2093 olomucensis
874 2056 912 2091 et
934 2054 1232 2093 Pieroriensis
1263 2053 1580 2104 provinciarum
1613 2053 1672 2092 ad
1693 2052 1933 2092 mandalum

78 2118 266 2171 Rudolfi,
293 2121 579 2160 Romanorum
606 2122 733 2171 νομί-ς,
760 2121 915 2160 decidit
938 2122 1046 2160 litem
1072 2123 1177 2160 «incer
1202 2120 1415 2161 Albermm
1441 2120 1493 2160 de
1518 2122 1693 2172 Lesany
1718 2124 1757 2160 et
1776 2121 1931 2168 Badis,

79 2185 263 2226 abbatem
305 2186 621 2239 Gradicensem,
661 2188 712 2227 de
750 2188 947 2227 limitibus
988 2190 1186 2228 villarum
1218 2188 1417 2228 Kne'nice
1455 2191 1493 2228 el
1530 2190 1709 2229 Konice.
1774 2190 1934 2229 Datum

410 2256 455 2294 in
486 2255 739 2307 Jlolzelnice,
780 2255 852 2296 ΓΙ.
885 2255 1108 2296 Kalendas
1141 2256 1405 2308 Decembris,
1446 2256 1596 2298 1279.

222 2346 401 2419 ano,
428 2364 493 2404 dei
519 2367 662 2419 gratia
685 2367 908 2416 episcopus
933 2365 1235 2421 olomucensis,
1261 2367 1549 2408 Olomucensis
1574 2371 1615 2408 et
1636 2368 1933 2407 Prerouiensis

78 2433 381 2484 prouinciarum
429 2434 735 2489 vicedominus,
783 2436 994 2474 vniuersis
1042 2439 1278 2486 presentem
1332 2437 1530 2490 paginam
1580 2437 1832 2487 inspecturis
1879 2435 1931 2473 ad

78 2503 272 2541 memorie
306 2500 591 2541 fulcimentum.
633 2501 735 2541 Cum
770 2515 793 2541 a
827 2504 1096 2542 serenissimo
1131 2504 1290 2543 domino
1317 2508 1474 2558 nostro,
1507 2505 1785 2544 Romanorum
1819 2514 1930 2556 rege

80 2570 313 2625 Rudolpho,
339 2572 623 2622 receperimus
652 2571 690 2610 in
716 2571 933 2625 mandatis,
960 2576 1003 2611 ut
1027 2572 1177 2611 dilecto
1201 2572 1319 2612 nobis
1344 2573 1488 2626 Rudis,
1516 2572 1748 2612 uenerabili
1772 2571 1928 2624 abbati,
