<?xml version="1.0" encoding="UTF-8"?>
<!DOCTYPE html PUBLIC "-//W3C//DTD XHTML 1.0 Transitional//EN"
    "http://www.w3.org/TR/xhtml1/DTD/xhtml1-transitional.dtd">
<html xmlns="http://www.w3.org/1999/xhtml" xml:lang="en" lang="en">
 <head>
  <title>
</title>
<meta http-equiv="Content-Type" content="text/html;charset=utf-8" />
  <meta name='ocr-system' content='tesseract 3.04.00' />
  <meta name='ocr-capabilities' content='ocr_page ocr_carea ocr_par ocr_line ocrx_word'/>
</head>
<body>
  <div class='ocr_page' id='page_1' title='image "./codexdiplomaticu04morauoft_0186.png"; bbox 0 0 2138 2845; ppageno 0'>
   <div class='ocr_carea' id='block_1_1' title="bbox 1028 164 1126 204">
    <p class='ocr_par' dir='ltr' id='par_1_1' title="bbox 1028 164 1126 204">
     <span class='ocr_line' id='line_1_1' title="bbox 1028 164 1126 204; baseline 0 -1"><span class='ocrx_word' id='word_1_1' title='bbox 1028 164 1126 204; x_wconf 81' lang='lat'>156</span> 
     </span>
    </p>
   </div>
   <div class='ocr_carea' id='block_1_2' title="bbox 142 305 2012 1043">
    <p class='ocr_par' dir='ltr' id='par_1_2' title="bbox 142 305 2012 1043">
     <span class='ocr_line' id='line_1_2' title="bbox 144 305 2005 358; baseline 0 -10"><span class='ocrx_word' id='word_1_2' title='bbox 144 310 321 348; x_wconf 85' lang='lat' dir='ltr'>salutem</span> <span class='ocrx_word' id='word_1_3' title='bbox 355 310 394 348; x_wconf 93' lang='lat' dir='ltr'>in</span> <span class='ocrx_word' id='word_1_4' title='bbox 428 308 603 348; x_wconf 84' lang='lat' dir='ltr'>domino.</span> <span class='ocrx_word' id='word_1_5' title='bbox 651 308 821 347; x_wconf 77' lang='lat' dir='ltr'>&#39;fenore</span> <span class='ocrx_word' id='word_1_6' title='bbox 854 306 1120 358; x_wconf 86' lang='lat' dir='ltr'>presencium</span> <span class='ocrx_word' id='word_1_7' title='bbox 1152 305 1365 345; x_wconf 85' lang='lat' dir='ltr'>vniuersis</span> <span class='ocrx_word' id='word_1_8' title='bbox 1398 315 1577 355; x_wconf 81' lang='lat' dir='ltr'><strong>presens</strong></span> <span class='ocrx_word' id='word_1_9' title='bbox 1609 307 1805 358; x_wconf 87' lang='lat' dir='ltr'>scriptum</span> <span class='ocrx_word' id='word_1_10' title='bbox 1838 309 2005 348; x_wconf 91' lang='lat' dir='ltr'>intuen-</span> 
     </span>
     <span class='ocr_line' id='line_1_3' title="bbox 143 374 2007 427; baseline -0.001 -11"><span class='ocrx_word' id='word_1_11' title='bbox 143 378 254 417; x_wconf 90' lang='lat' dir='ltr'>tibus</span> <span class='ocrx_word' id='word_1_12' title='bbox 288 380 424 416; x_wconf 92' lang='lat' dir='ltr'>notum</span> <span class='ocrx_word' id='word_1_13' title='bbox 465 388 566 416; x_wconf 91' lang='lat' dir='ltr'>esse</span> <span class='ocrx_word' id='word_1_14' title='bbox 602 377 786 416; x_wconf 88' lang='lat' dir='ltr'>volumus</span> <span class='ocrx_word' id='word_1_15' title='bbox 828 375 938 427; x_wconf 86' lang='lat' dir='ltr'>quod</span> <span class='ocrx_word' id='word_1_16' title='bbox 973 376 1135 426; x_wconf 81' lang='lat' dir='ltr'>questio</span> <span class='ocrx_word' id='word_1_17' title='bbox 1175 374 1351 426; x_wconf 88' lang='lat' dir='ltr'>quedam</span> <span class='ocrx_word' id='word_1_18' title='bbox 1391 374 1500 412; x_wconf 88' lang='lat' dir='ltr'>inter</span> <span class='ocrx_word' id='word_1_19' title='bbox 1537 385 1601 413; x_wconf 91' lang='lat' dir='ltr'>me</span> <span class='ocrx_word' id='word_1_20' title='bbox 1642 378 1683 413; x_wconf 91' lang='lat' dir='ltr'>et</span> <span class='ocrx_word' id='word_1_21' title='bbox 1716 387 1845 415; x_wconf 92' lang='lat' dir='ltr'>meum</span> <span class='ocrx_word' id='word_1_22' title='bbox 1885 375 2007 418; x_wconf 87' lang='lat' dir='ltr'>Con-</span> 
     </span>
     <span class='ocr_line' id='line_1_4' title="bbox 143 440 2007 494; baseline -0.001 -9"><span class='ocrx_word' id='word_1_23' title='bbox 143 450 310 485; x_wconf 88' lang='lat' dir='ltr'>uentum</span> <span class='ocrx_word' id='word_1_24' title='bbox 342 446 589 485; x_wconf 78' lang='lat' dir='ltr'>vertebatur</span> <span class='ocrx_word' id='word_1_25' title='bbox 621 457 677 485; x_wconf 87' lang='lat' dir='ltr'>ex</span> <span class='ocrx_word' id='word_1_26' title='bbox 710 457 808 484; x_wconf 81' lang='lat' dir='ltr'>vna.</span> <span class='ocrx_word' id='word_1_27' title='bbox 842 448 883 483; x_wconf 92' lang='lat' dir='ltr'>et</span> <span class='ocrx_word' id='word_1_28' title='bbox 916 444 1168 494; x_wconf 77' lang='lat' dir='ltr'>prepositum</span> <span class='ocrx_word' id='word_1_29' title='bbox 1202 446 1244 481; x_wconf 91' lang='lat' dir='ltr'>et</span> <span class='ocrx_word' id='word_1_30' title='bbox 1276 454 1392 481; x_wconf 89' lang='lat' dir='ltr'>suum</span> <span class='ocrx_word' id='word_1_31' title='bbox 1426 440 1687 482; x_wconf 86' lang='lat' dir='ltr'>Conuentum</span> <span class='ocrx_word' id='word_1_32' title='bbox 1721 443 1774 482; x_wconf 92' lang='lat' dir='ltr'>de</span> <span class='ocrx_word' id='word_1_33' title='bbox 1808 444 1916 484; x_wconf 80' lang='lat' dir='ltr'><em>Ozla</em></span> <span class='ocrx_word' id='word_1_34' title='bbox 1949 456 2007 484; x_wconf 89' lang='lat' dir='ltr'>ex</span> 
     </span>
     <span class='ocr_line' id='line_1_5' title="bbox 142 509 2008 566; baseline -0.002 -12"><span class='ocrx_word' id='word_1_35' title='bbox 142 518 264 566; x_wconf 88' lang='lat' dir='ltr'>parte</span> <span class='ocrx_word' id='word_1_36' title='bbox 304 515 439 554; x_wconf 88' lang='lat' dir='ltr'>altera</span> <span class='ocrx_word' id='word_1_37' title='bbox 479 525 608 565; x_wconf 88' lang='lat' dir='ltr'>super</span> <span class='ocrx_word' id='word_1_38' title='bbox 646 514 740 552; x_wconf 89' lang='lat' dir='ltr'>ivre</span> <span class='ocrx_word' id='word_1_39' title='bbox 783 515 1025 562; x_wconf 85' lang='lat' dir='ltr'>patronatus</span> <span class='ocrx_word' id='word_1_40' title='bbox 1065 511 1266 549; x_wconf 84' lang='lat' dir='ltr'>Ecclesie</span> <span class='ocrx_word' id='word_1_41' title='bbox 1306 510 1347 548; x_wconf 91' lang='lat' dir='ltr'>in</span> <span class='ocrx_word' id='word_1_42' title='bbox 1392 509 1667 549; x_wconf 74' lang='lat' dir='ltr'>Trosclwwz&#39;z</span> <span class='ocrx_word' id='word_1_43' title='bbox 1709 521 1785 562; x_wconf 91' lang='lat' dir='ltr'>per</span> <span class='ocrx_word' id='word_1_44' title='bbox 1825 511 2008 551; x_wconf 79' lang='lat' dir='ltr'>arbitros</span> 
     </span>
     <span class='ocr_line' id='line_1_6' title="bbox 143 578 2008 631; baseline -0.002 -9"><span class='ocrx_word' id='word_1_45' title='bbox 143 594 224 622; x_wconf 89' lang='lat' dir='ltr'>sev</span> <span class='ocrx_word' id='word_1_46' title='bbox 256 583 498 622; x_wconf 85' lang='lat' dir='ltr'>amicabiles</span> <span class='ocrx_word' id='word_1_47' title='bbox 531 581 834 631; x_wconf 84' lang='lat' dir='ltr'>compositores</span> <span class='ocrx_word' id='word_1_48' title='bbox 867 591 892 618; x_wconf 85' lang='lat' dir='ltr'>a</span> <span class='ocrx_word' id='word_1_49' title='bbox 927 579 1050 617; x_wconf 80' lang='lat' dir='ltr'>nob1s</span> <span class='ocrx_word' id='word_1_50' title='bbox 1084 579 1244 618; x_wconf 87' lang='lat' dir='ltr'>electos</span> <span class='ocrx_word' id='word_1_51' title='bbox 1277 587 1344 617; x_wconf 85' lang='lat' dir='ltr'>est</span> <span class='ocrx_word' id='word_1_52' title='bbox 1376 579 1525 629; x_wconf 90' lang='lat' dir='ltr'>sopita.</span> <span class='ocrx_word' id='word_1_53' title='bbox 1554 580 1611 618; x_wconf 90' lang='lat' dir='ltr'>ita</span> <span class='ocrx_word' id='word_1_54' title='bbox 1644 578 1753 630; x_wconf 88' lang='lat' dir='ltr'>quod</span> <span class='ocrx_word' id='word_1_55' title='bbox 1786 579 1864 618; x_wconf 90' lang='lat' dir='ltr'>iam</span> <span class='ocrx_word' id='word_1_56' title='bbox 1897 579 2008 619; x_wconf 87' lang='lat' dir='ltr'>dicte</span> 
     </span>
     <span class='ocr_line' id='line_1_7' title="bbox 144 646 2011 701; baseline -0.002 -10"><span class='ocrx_word' id='word_1_57' title='bbox 144 651 329 691; x_wconf 84' lang='lat' dir='ltr'>ecclesie</span> <span class='ocrx_word' id='word_1_58' title='bbox 369 652 443 690; x_wconf 85' lang='lat' dir='ltr'>Ivs</span> <span class='ocrx_word' id='word_1_59' title='bbox 484 652 729 701; x_wconf 87' lang='lat' dir='ltr'>patronatus</span> <span class='ocrx_word' id='word_1_60' title='bbox 769 650 868 698; x_wconf 89' lang='lat' dir='ltr'>aput</span> <span class='ocrx_word' id='word_1_61' title='bbox 909 647 1132 686; x_wconf 87' lang='lat' dir='ltr'>ecclesiam</span> <span class='ocrx_word' id='word_1_62' title='bbox 1174 647 1226 686; x_wconf 94' lang='lat' dir='ltr'>de</span> <span class='ocrx_word' id='word_1_63' title='bbox 1260 646 1364 687; x_wconf 88' lang='lat' dir='ltr'>Ozla</span> <span class='ocrx_word' id='word_1_64' title='bbox 1407 658 1488 698; x_wconf 91' lang='lat' dir='ltr'>que</span> <span class='ocrx_word' id='word_1_65' title='bbox 1520 648 1612 686; x_wconf 88' lang='lat' dir='ltr'>ivre</span> <span class='ocrx_word' id='word_1_66' title='bbox 1645 651 1790 686; x_wconf 87' lang='lat' dir='ltr'>nostra</span> <span class='ocrx_word' id='word_1_67' title='bbox 1824 646 2011 687; x_wconf 88' lang='lat' dir='ltr'>ecclesia</span> 
     </span>
     <span class='ocr_line' id='line_1_8' title="bbox 145 715 2010 772; baseline -0.003 -13"><span class='ocrx_word' id='word_1_68' title='bbox 145 724 339 772; x_wconf 87' lang='lat' dir='ltr'>quantum</span> <span class='ocrx_word' id='word_1_69' title='bbox 381 718 434 758; x_wconf 91' lang='lat' dir='ltr'>ad</span> <span class='ocrx_word' id='word_1_70' title='bbox 483 718 563 757; x_wconf 89' lang='lat' dir='ltr'>hoc</span> <span class='ocrx_word' id='word_1_71' title='bbox 596 717 807 756; x_wconf 88' lang='lat' dir='ltr'>nitebatur</span> <span class='ocrx_word' id='word_1_72' title='bbox 849 717 1006 766; x_wconf 89' lang='lat' dir='ltr'>pociori</span> <span class='ocrx_word' id='word_1_73' title='bbox 1051 718 1268 755; x_wconf 89' lang='lat' dir='ltr'>remaneat</span> <span class='ocrx_word' id='word_1_74' title='bbox 1307 716 1429 766; x_wconf 90' lang='lat' dir='ltr'>pleno</span> <span class='ocrx_word' id='word_1_75' title='bbox 1476 717 1580 754; x_wconf 88' lang='lat' dir='ltr'>iure.</span> <span class='ocrx_word' id='word_1_76' title='bbox 1621 719 1663 755; x_wconf 91' lang='lat' dir='ltr'>et</span> <span class='ocrx_word' id='word_1_77' title='bbox 1704 715 1798 755; x_wconf 86' lang='lat' dir='ltr'>ideo</span> <span class='ocrx_word' id='word_1_78' title='bbox 1839 727 1918 755; x_wconf 89' lang='lat' dir='ltr'>nos</span> <span class='ocrx_word' id='word_1_79' title='bbox 1958 726 2010 755; x_wconf 83' lang='lat' dir='ltr'>ac</span> 
     </span>
     <span class='ocr_line' id='line_1_9' title="bbox 143 785 2011 836; baseline -0.002 -9"><span class='ocrx_word' id='word_1_80' title='bbox 143 792 289 827; x_wconf 84' lang='lat' dir='ltr'>noster</span> <span class='ocrx_word' id='word_1_81' title='bbox 322 785 570 827; x_wconf 81' lang='lat' dir='ltr'>Conventus</span> <span class='ocrx_word' id='word_1_82' title='bbox 596 786 891 824; x_wconf 85' lang='lat' dir='ltr'>renunciamus</span> <span class='ocrx_word' id='word_1_83' title='bbox 924 788 967 824; x_wconf 90' lang='lat' dir='ltr'>et</span> <span class='ocrx_word' id='word_1_84' title='bbox 993 786 1330 824; x_wconf 88' lang='lat' dir='ltr'>renunciauimus</span> <span class='ocrx_word' id='word_1_85' title='bbox 1365 785 1469 824; x_wconf 92' lang='lat' dir='ltr'>omni</span> <span class='ocrx_word' id='word_1_86' title='bbox 1497 785 1576 824; x_wconf 86' lang='lat' dir='ltr'>ivri</span> <span class='ocrx_word' id='word_1_87' title='bbox 1605 785 1712 836; x_wconf 90' lang='lat' dir='ltr'>quod</span> <span class='ocrx_word' id='word_1_88' title='bbox 1739 785 1861 824; x_wconf 89' lang='lat' dir='ltr'>nobis</span> <span class='ocrx_word' id='word_1_89' title='bbox 1894 796 2011 824; x_wconf 91' lang='lat' dir='ltr'>com-</span> 
     </span>
     <span class='ocr_line' id='line_1_10' title="bbox 143 853 2012 908; baseline -0.002 -13"><span class='ocrx_word' id='word_1_90' title='bbox 143 857 313 908; x_wconf 84' lang='lat' dir='ltr'>petebat</span> <span class='ocrx_word' id='word_1_91' title='bbox 347 855 416 895; x_wconf 92' lang='lat' dir='ltr'>vel</span> <span class='ocrx_word' id='word_1_92' title='bbox 448 858 688 905; x_wconf 85' lang='lat' dir='ltr'>competere</span> <span class='ocrx_word' id='word_1_93' title='bbox 723 856 869 904; x_wconf 86' lang='lat' dir='ltr'>posset</span> <span class='ocrx_word' id='word_1_94' title='bbox 901 854 1086 893; x_wconf 89' lang='lat' dir='ltr'>ecclesia</span> <span class='ocrx_word' id='word_1_95' title='bbox 1119 854 1160 892; x_wconf 89' lang='lat' dir='ltr'>in</span> <span class='ocrx_word' id='word_1_96' title='bbox 1196 853 1396 904; x_wconf 84' lang='lat' dir='ltr'>predicta.</span> <span class='ocrx_word' id='word_1_97' title='bbox 1438 853 1494 892; x_wconf 85' lang='lat' dir='ltr'>Et</span> <span class='ocrx_word' id='word_1_98' title='bbox 1527 864 1579 892; x_wconf 92' lang='lat' dir='ltr'>ne</span> <span class='ocrx_word' id='word_1_99' title='bbox 1613 854 1655 892; x_wconf 89' lang='lat' dir='ltr'>in</span> <span class='ocrx_word' id='word_1_100' title='bbox 1688 857 1898 904; x_wconf 87' lang='lat' dir='ltr'>posterum</span> <span class='ocrx_word' id='word_1_101' title='bbox 1931 853 2012 892; x_wconf 89' lang='lat' dir='ltr'>hec</span> 
     </span>
     <span class='ocr_line' id='line_1_11' title="bbox 143 921 2012 977; baseline -0.001 -14"><span class='ocrx_word' id='word_1_102' title='bbox 143 929 224 963; x_wconf 88' lang='lat' dir='ltr'>tam</span> <span class='ocrx_word' id='word_1_103' title='bbox 258 924 440 963; x_wconf 86' lang='lat' dir='ltr'>salubris</span> <span class='ocrx_word' id='word_1_104' title='bbox 474 934 525 962; x_wconf 90' lang='lat' dir='ltr'>ac</span> <span class='ocrx_word' id='word_1_105' title='bbox 555 923 743 977; x_wconf 80' lang='lat' dir='ltr'>legitima</span> <span class='ocrx_word' id='word_1_106' title='bbox 777 922 993 961; x_wconf 80' lang='lat' dir='ltr'>ordinacio</span> <span class='ocrx_word' id='word_1_107' title='bbox 1027 932 1108 973; x_wconf 86' lang='lat' dir='ltr'>que</span> <span class='ocrx_word' id='word_1_108' title='bbox 1137 925 1341 972; x_wconf 89' lang='lat' dir='ltr'>perpetua</span> <span class='ocrx_word' id='word_1_109' title='bbox 1365 921 1591 962; x_wconf 86' lang='lat' dir='ltr'>stabilitate</span> <span class='ocrx_word' id='word_1_110' title='bbox 1622 921 1747 961; x_wconf 86' lang='lat' dir='ltr'>debet</span> <span class='ocrx_word' id='word_1_111' title='bbox 1781 933 1881 961; x_wconf 89' lang='lat' dir='ltr'>esse</span> <span class='ocrx_word' id='word_1_112' title='bbox 1907 921 2012 961; x_wconf 89' lang='lat' dir='ltr'>sub-</span> 
     </span>
     <span class='ocr_line' id='line_1_12' title="bbox 144 989 2012 1043; baseline -0.001 -12"><span class='ocrx_word' id='word_1_113' title='bbox 144 994 244 1032; x_wconf 81' lang='lat' dir='ltr'>nixa</span> <span class='ocrx_word' id='word_1_114' title='bbox 263 1003 338 1043; x_wconf 91' lang='lat' dir='ltr'>per</span> <span class='ocrx_word' id='word_1_115' title='bbox 364 995 532 1031; x_wconf 87' lang='lat' dir='ltr'>nostros</span> <span class='ocrx_word' id='word_1_116' title='bbox 553 990 728 1030; x_wconf 83' lang='lat' dir='ltr'>forsitan</span> <span class='ocrx_word' id='word_1_117' title='bbox 755 1001 1036 1030; x_wconf 86' lang='lat' dir='ltr'>successores</span> <span class='ocrx_word' id='word_1_118' title='bbox 1063 989 1230 1041; x_wconf 83' lang='lat' dir='ltr'>aliquod</span> <span class='ocrx_word' id='word_1_119' title='bbox 1257 990 1494 1041; x_wconf 88' lang='lat' dir='ltr'>scrupulum</span> <span class='ocrx_word' id='word_1_120' title='bbox 1523 990 1755 1040; x_wconf 88' lang='lat' dir='ltr'>calumpnie</span> <span class='ocrx_word' id='word_1_121' title='bbox 1783 993 2012 1041; x_wconf 86' lang='lat' dir='ltr'>pateretur.</span> 
     </span>
    </p>
   </div>
   <div class='ocr_carea' id='block_1_3' title="bbox 146 1059 2014 1171">
    <p class='ocr_par' dir='ltr' id='par_1_3' title="bbox 146 1059 2014 1171">
     <span class='ocr_line' id='line_1_13' title="bbox 146 1059 2014 1113; baseline -0.001 -13"><span class='ocrx_word' id='word_1_122' title='bbox 146 1066 384 1112; x_wconf 87' lang='lat' dir='ltr'>presentem</span> <span class='ocrx_word' id='word_1_123' title='bbox 417 1060 629 1100; x_wconf 85' lang='lat' dir='ltr'>scedulam</span> <span class='ocrx_word' id='word_1_124' title='bbox 663 1060 795 1113; x_wconf 82' lang='lat' dir='ltr'>sigilli</span> <span class='ocrx_word' id='word_1_125' title='bbox 829 1060 959 1099; x_wconf 90' lang='lat' dir='ltr'>nostri</span> <span class='ocrx_word' id='word_1_126' title='bbox 992 1060 1212 1099; x_wconf 90' lang='lat' dir='ltr'>munimine</span> <span class='ocrx_word' id='word_1_127' title='bbox 1252 1059 1439 1098; x_wconf 90' lang='lat' dir='ltr'>volumus</span> <span class='ocrx_word' id='word_1_128' title='bbox 1472 1059 1724 1099; x_wconf 85' lang='lat' dir='ltr'>communiri.</span> <span class='ocrx_word' id='word_1_129' title='bbox 1788 1059 1939 1099; x_wconf 90' lang='lat' dir='ltr'>Datum</span> <span class='ocrx_word' id='word_1_130' title='bbox 1972 1059 2014 1099; x_wconf 91' lang='lat' dir='ltr'>in</span> 
     </span>
     <span class='ocr_line' id='line_1_14' title="bbox 146 1126 1634 1171; baseline -0.002 -1"><span class='ocrx_word' id='word_1_131' title='bbox 146 1128 311 1171; x_wconf 84' lang='lat' dir='ltr'>Cvoniz</span> <span class='ocrx_word' id='word_1_132' title='bbox 344 1141 453 1169; x_wconf 89' lang='lat' dir='ltr'>anno</span> <span class='ocrx_word' id='word_1_133' title='bbox 488 1129 637 1168; x_wconf 90' lang='lat' dir='ltr'>domini</span> <span class='ocrx_word' id='word_1_134' title='bbox 670 1129 731 1168; x_wconf 88' lang='grc' dir='ltr'>Μ.</span> <span class='ocrx_word' id='word_1_135' title='bbox 765 1126 856 1169; x_wconf 75' lang='lat' dir='ltr'>CC.</span> <span class='ocrx_word' id='word_1_136' title='bbox 889 1129 1075 1168; x_wconf 86' lang='lat' dir='ltr'>LXXV.</span> <span class='ocrx_word' id='word_1_137' title='bbox 1109 1129 1148 1167; x_wconf 92' lang='lat' dir='ltr'>in</span> <span class='ocrx_word' id='word_1_138' title='bbox 1183 1127 1251 1167; x_wconf 90' lang='lat' dir='ltr'>die</span> <span class='ocrx_word' id='word_1_139' title='bbox 1283 1127 1432 1168; x_wconf 86' lang='lat' dir='ltr'>Sancti</span> <span class='ocrx_word' id='word_1_140' title='bbox 1465 1127 1634 1168; x_wconf 87' lang='lat' dir='ltr'>Kiliani.</span> 
     </span>
    </p>
   </div>
   <div class='ocr_carea' id='block_1_4' title="bbox 457 1222 1670 1269">
    <p class='ocr_par' dir='ltr' id='par_1_4' title="bbox 457 1222 1670 1269">
     <span class='ocr_line' id='line_1_15' title="bbox 457 1222 1670 1269; baseline -0.001 -10"><span class='ocrx_word' id='word_1_141' title='bbox 457 1227 512 1260; x_wconf 82' lang='lat' dir='ltr'>Ex</span> <span class='ocrx_word' id='word_1_142' title='bbox 535 1227 730 1269; x_wconf 78' lang='lat' dir='ltr'>originali</span> <span class='ocrx_word' id='word_1_143' title='bbox 753 1228 941 1259; x_wconf 80' lang='lat' dir='ltr'>monasterii</span> <span class='ocrx_word' id='word_1_144' title='bbox 965 1225 1285 1259; x_wconf 85' lang='lat' dir='ltr'>Oslowanensis</span> <span class='ocrx_word' id='word_1_145' title='bbox 1310 1236 1381 1258; x_wconf 87' lang='lat' dir='ltr'>cum</span> <span class='ocrx_word' id='word_1_146' title='bbox 1405 1226 1514 1269; x_wconf 83' lang='lat' dir='ltr'>sigillo</span> <span class='ocrx_word' id='word_1_147' title='bbox 1538 1222 1670 1258; x_wconf 81' lang='lat' dir='ltr'>illaeso.&#39;</span> 
     </span>
    </p>
   </div>
   <div class='ocr_carea' id='block_1_5' title="bbox 1015 1392 1153 1436">
    <p class='ocr_par' dir='ltr' id='par_1_5' title="bbox 1015 1392 1153 1436">
     <span class='ocr_line' id='line_1_16' title="bbox 1015 1392 1153 1436; baseline -0.022 0"><span class='ocrx_word' id='word_1_148' title='bbox 1015 1392 1153 1436; x_wconf 84' lang='lat' dir='ltr'>Cxll.</span> 
     </span>
    </p>
   </div>
   <div class='ocr_carea' id='block_1_6' title="bbox 143 1494 2017 1674">
    <p class='ocr_par' dir='ltr' id='par_1_6' title="bbox 143 1494 2017 1674">
     <span class='ocr_line' id='line_1_17' title="bbox 146 1494 2016 1549; baseline -0.002 -12"><span class='ocrx_word' id='word_1_149' title='bbox 146 1499 313 1548; x_wconf 73' lang='lat' dir='ltr'>Bmmo,</span> <span class='ocrx_word' id='word_1_150' title='bbox 347 1498 569 1549; x_wconf 74' lang='lat' dir='ltr'>episcopus</span> <span class='ocrx_word' id='word_1_151' title='bbox 604 1496 911 1546; x_wconf 75' lang='lat' dir='ltr'>olomucensis,</span> <span class='ocrx_word' id='word_1_152' title='bbox 945 1495 1192 1535; x_wconf 75' lang='lat' dir='ltr'>determinat</span> <span class='ocrx_word' id='word_1_153' title='bbox 1229 1498 1389 1547; x_wconf 78' lang='lat' dir='ltr'>tempus</span> <span class='ocrx_word' id='word_1_154' title='bbox 1423 1494 1682 1535; x_wconf 75' lang='lat' dir='ltr'>decidendae</span> <span class='ocrx_word' id='word_1_155' title='bbox 1721 1495 1806 1535; x_wconf 69' lang='lat' dir='ltr'>litis</span> <span class='ocrx_word' id='word_1_156' title='bbox 1837 1494 1890 1534; x_wconf 88' lang='lat' dir='ltr'>de</span> <span class='ocrx_word' id='word_1_157' title='bbox 1909 1495 2016 1548; x_wconf 85' lang='lat' dir='ltr'>jure</span> 
     </span>
     <span class='ocr_line' id='line_1_18' title="bbox 143 1562 2017 1618; baseline -0.001 -13"><span class='ocrx_word' id='word_1_158' title='bbox 143 1568 392 1618; x_wconf 78' lang='lat' dir='ltr'>palronalus</span> <span class='ocrx_word' id='word_1_159' title='bbox 425 1565 628 1605; x_wconf 76' lang='lat' dir='ltr'>ecclesiae</span> <span class='ocrx_word' id='word_1_160' title='bbox 666 1566 711 1604; x_wconf 82' lang='lat' dir='ltr'>in</span> <span class='ocrx_word' id='word_1_161' title='bbox 745 1564 1069 1604; x_wconf 77' lang='lat' dir='ltr'>Troslcolowz’ee.</span> <span class='ocrx_word' id='word_1_162' title='bbox 1134 1565 1295 1604; x_wconf 78' lang='lat' dir='ltr'>Datum</span> <span class='ocrx_word' id='word_1_163' title='bbox 1334 1565 1378 1603; x_wconf 80' lang='lat' dir='ltr'>in</span> <span class='ocrx_word' id='word_1_164' title='bbox 1422 1563 1632 1615; x_wconf 75' lang='lat' dir='ltr'>Blanslw,</span> <span class='ocrx_word' id='word_1_165' title='bbox 1674 1563 1742 1604; x_wconf 81' lang='lat' dir='ltr'>die</span> <span class='ocrx_word' id='word_1_166' title='bbox 1775 1563 1852 1603; x_wconf 73' lang='lat'>14.</span> <span class='ocrx_word' id='word_1_167' title='bbox 1891 1562 2017 1615; x_wconf 75' lang='lat' dir='ltr'><em>Julii,</em></span> 
     </span>
     <span class='ocr_line' id='line_1_19' title="bbox 1008 1631 1160 1674; baseline -0.013 -1"><span class='ocrx_word' id='word_1_168' title='bbox 1008 1631 1160 1674; x_wconf 73' lang='lat'>1275.</span> 
     </span>
    </p>
   </div>
   <div class='ocr_carea' id='block_1_7' title="bbox 146 1726 2026 2621">
    <p class='ocr_par' dir='ltr' id='par_1_7' title="bbox 146 1726 2026 2621">
     <span class='ocr_line' id='line_1_20' title="bbox 276 1726 2015 1798; baseline -0.003 -12"><span class='ocrx_word' id='word_1_169' title='bbox 276 1726 353 1786; x_wconf 85' lang='lat' dir='ltr'>B.</span> <span class='ocrx_word' id='word_1_170' title='bbox 388 1744 453 1784; x_wconf 91' lang='lat' dir='ltr'>dei</span> <span class='ocrx_word' id='word_1_171' title='bbox 483 1744 626 1798; x_wconf 82' lang='lat' dir='ltr'>gratia</span> <span class='ocrx_word' id='word_1_172' title='bbox 654 1743 944 1784; x_wconf 72' lang='lat' dir='ltr'>olomucensis</span> <span class='ocrx_word' id='word_1_173' title='bbox 971 1745 1225 1797; x_wconf 72' lang='lat' dir='ltr'>Episcopus7</span> <span class='ocrx_word' id='word_1_174' title='bbox 1259 1743 1411 1783; x_wconf 88' lang='lat' dir='ltr'>dilecte</span> <span class='ocrx_word' id='word_1_175' title='bbox 1439 1743 1480 1782; x_wconf 90' lang='lat' dir='ltr'>in</span> <span class='ocrx_word' id='word_1_176' title='bbox 1506 1740 1691 1797; x_wconf 66' lang='lat' dir='ltr'>Christo7</span> <span class='ocrx_word' id='word_1_177' title='bbox 1723 1743 1756 1782; x_wconf 87' lang='lat' dir='ltr'>I.</span> <span class='ocrx_word' id='word_1_178' title='bbox 1784 1741 2015 1782; x_wconf 84' lang='lat' dir='ltr'>Abbatisse</span> 
     </span>
     <span class='ocr_line' id='line_1_21' title="bbox 146 1810 2014 1866; baseline -0.002 -12"><span class='ocrx_word' id='word_1_179' title='bbox 146 1813 199 1854; x_wconf 93' lang='lat' dir='ltr'>de</span> <span class='ocrx_word' id='word_1_180' title='bbox 235 1813 358 1865; x_wconf 79' lang='lat' dir='ltr'><em>OzIa,</em></span> <span class='ocrx_word' id='word_1_181' title='bbox 385 1812 689 1854; x_wconf 88' lang='lat' dir='ltr'>Cisterciensis</span> <span class='ocrx_word' id='word_1_182' title='bbox 722 1813 879 1852; x_wconf 90' lang='lat' dir='ltr'>ordinis</span> <span class='ocrx_word' id='word_1_183' title='bbox 908 1816 949 1852; x_wconf 91' lang='lat' dir='ltr'>et</span> <span class='ocrx_word' id='word_1_184' title='bbox 974 1811 1194 1853; x_wconf 78' lang='lat' dir='ltr'>Cliadoldo</span> <span class='ocrx_word' id='word_1_185' title='bbox 1227 1810 1307 1853; x_wconf 90' lang='lat' dir='ltr'>filio</span> <span class='ocrx_word' id='word_1_186' title='bbox 1332 1812 1537 1864; x_wconf 89' lang='lat' dir='ltr'>quondam</span> <span class='ocrx_word' id='word_1_187' title='bbox 1571 1812 1719 1851; x_wconf 89' lang='lat' dir='ltr'>domini</span> <span class='ocrx_word' id='word_1_188' title='bbox 1753 1810 2014 1866; x_wconf 80' lang='lat' dir='ltr'>Eggehardi</span> 
     </span>
     <span class='ocr_line' id='line_1_22' title="bbox 146 1880 2026 1936; baseline -0.002 -14"><span class='ocrx_word' id='word_1_189' title='bbox 146 1882 199 1922; x_wconf 91' lang='lat' dir='ltr'>de</span> <span class='ocrx_word' id='word_1_190' title='bbox 240 1883 473 1934; x_wconf 76' lang='lat' dir='ltr'>Murzlaus7</span> <span class='ocrx_word' id='word_1_191' title='bbox 515 1893 679 1921; x_wconf 90' lang='lat' dir='ltr'>necnon</span> <span class='ocrx_word' id='word_1_192' title='bbox 713 1881 874 1922; x_wconf 89' lang='lat' dir='ltr'>domino</span> <span class='ocrx_word' id='word_1_193' title='bbox 915 1881 1100 1935; x_wconf 70' lang='lat' dir='ltr'>Smiloni7</span> <span class='ocrx_word' id='word_1_194' title='bbox 1136 1883 1370 1936; x_wconf 74' lang='lat' dir='ltr'>pun-granio</span> <span class='ocrx_word' id='word_1_195' title='bbox 1411 1881 1661 1934; x_wconf 67' lang='lat' dir='ltr'>vetauiensi,</span> <span class='ocrx_word' id='word_1_196' title='bbox 1703 1881 1771 1932; x_wconf 89' lang='lat' dir='ltr'>qui</span> <span class='ocrx_word' id='word_1_197' title='bbox 1810 1891 1859 1919; x_wconf 95' lang='lat' dir='ltr'>se</span> <span class='ocrx_word' id='word_1_198' title='bbox 1900 1880 2026 1934; x_wconf 66' lang='lat' dir='ltr'>gerit</span> 
     </span>
     <span class='ocr_line' id='line_1_23' title="bbox 148 1949 2017 2003; baseline -0.001 -14"><span class='ocrx_word' id='word_1_199' title='bbox 148 1963 222 2001; x_wconf 87' lang='lat' dir='ltr'>pro</span> <span class='ocrx_word' id='word_1_200' title='bbox 265 1955 401 1991; x_wconf 90' lang='lat' dir='ltr'>tutore</span> <span class='ocrx_word' id='word_1_201' title='bbox 441 1962 519 1990; x_wconf 92' lang='lat' dir='ltr'>seu</span> <span class='ocrx_word' id='word_1_202' title='bbox 560 1949 788 1990; x_wconf 84' lang='lat' dir='ltr'>defensore</span> <span class='ocrx_word' id='word_1_203' title='bbox 829 1950 925 1989; x_wconf 93' lang='lat' dir='ltr'>dicti</span> <span class='ocrx_word' id='word_1_204' title='bbox 969 1949 1189 2003; x_wconf 69' lang='lat' dir='ltr'>Cliadoldi,</span> <span class='ocrx_word' id='word_1_205' title='bbox 1230 1950 1403 1989; x_wconf 87' lang='lat' dir='ltr'>salutem</span> <span class='ocrx_word' id='word_1_206' title='bbox 1438 1951 1478 1989; x_wconf 91' lang='lat' dir='ltr'>in</span> <span class='ocrx_word' id='word_1_207' title='bbox 1513 1949 1674 1988; x_wconf 91' lang='lat' dir='ltr'>domino</span> <span class='ocrx_word' id='word_1_208' title='bbox 1715 1960 1804 1989; x_wconf 89' lang='lat' dir='ltr'>cum</span> <span class='ocrx_word' id='word_1_209' title='bbox 1845 1949 2017 1988; x_wconf 86' lang='lat' dir='ltr'>sincera</span> 
     </span>
     <span class='ocr_line' id='line_1_24' title="bbox 147 2016 2017 2072; baseline -0.001 -15"><span class='ocrx_word' id='word_1_210' title='bbox 147 2020 337 2059; x_wconf 84' lang='lat' dir='ltr'>caritate.</span> <span class='ocrx_word' id='word_1_211' title='bbox 402 2018 533 2068; x_wconf 81' lang='lat' dir='ltr'>Quum</span> <span class='ocrx_word' id='word_1_212' title='bbox 575 2019 656 2060; x_wconf 87' lang='lat' dir='ltr'>W.</span> <span class='ocrx_word' id='word_1_213' title='bbox 692 2020 942 2070; x_wconf 81' lang='lat' dir='ltr'>Prepesitus</span> <span class='ocrx_word' id='word_1_214' title='bbox 983 2019 1035 2058; x_wconf 89' lang='lat' dir='ltr'>de</span> <span class='ocrx_word' id='word_1_215' title='bbox 1070 2019 1174 2060; x_wconf 82' lang='lat' dir='ltr'>Ozla</span> <span class='ocrx_word' id='word_1_216' title='bbox 1217 2019 1257 2058; x_wconf 90' lang='lat' dir='ltr'>in</span> <span class='ocrx_word' id='word_1_217' title='bbox 1291 2019 1357 2058; x_wconf 91' lang='lat' dir='ltr'>die</span> <span class='ocrx_word' id='word_1_218' title='bbox 1390 2018 1516 2059; x_wconf 80' lang='lat' dir='ltr'>beate</span> <span class='ocrx_word' id='word_1_219' title='bbox 1550 2021 1795 2072; x_wconf 81' lang='lat' dir='ltr'>margarete</span> <span class='ocrx_word' id='word_1_220' title='bbox 1831 2016 2017 2071; x_wconf 81' lang='lat' dir='ltr'>virginis</span> 
     </span>
     <span class='ocr_line' id='line_1_25' title="bbox 149 2084 2017 2142; baseline -0.001 -16"><span class='ocrx_word' id='word_1_221' title='bbox 149 2099 288 2126; x_wconf 86' lang='lat' dir='ltr'>coram</span> <span class='ocrx_word' id='word_1_222' title='bbox 323 2088 442 2127; x_wconf 87' lang='lat' dir='ltr'>nobis</span> <span class='ocrx_word' id='word_1_223' title='bbox 484 2090 524 2127; x_wconf 92' lang='lat' dir='ltr'>in</span> <span class='ocrx_word' id='word_1_224' title='bbox 558 2093 700 2128; x_wconf 86' lang='lat' dir='ltr'>castro</span> <span class='ocrx_word' id='word_1_225' title='bbox 742 2089 879 2142; x_wconf 65' lang='lat' dir='ltr'>planz7</span> <span class='ocrx_word' id='word_1_226' title='bbox 914 2089 1177 2141; x_wconf 71' lang='lat' dir='ltr'>constitutus⁷</span> <span class='ocrx_word' id='word_1_227' title='bbox 1218 2087 1407 2126; x_wconf 85' lang='lat' dir='ltr'>exhibuit</span> <span class='ocrx_word' id='word_1_228' title='bbox 1446 2087 1604 2126; x_wconf 87' lang='lat' dir='ltr'>literam</span> <span class='ocrx_word' id='word_1_229' title='bbox 1646 2090 1867 2139; x_wconf 74' lang='lat' dir='ltr'>patentem⁷</span> <span class='ocrx_word' id='word_1_230' title='bbox 1908 2084 2017 2137; x_wconf 90' lang='lat' dir='ltr'>quod</span> 
     </span>
     <span class='ocr_line' id='line_1_26' title="bbox 148 2153 2018 2208; baseline -0.001 -13"><span class='ocrx_word' id='word_1_231' title='bbox 148 2156 200 2195; x_wconf 91' lang='lat' dir='ltr'>N.</span> <span class='ocrx_word' id='word_1_232' title='bbox 238 2157 475 2206; x_wconf 82' lang='lat' dir='ltr'>prepositus</span> <span class='ocrx_word' id='word_1_233' title='bbox 517 2157 568 2196; x_wconf 90' lang='lat' dir='ltr'>de</span> <span class='ocrx_word' id='word_1_234' title='bbox 605 2157 741 2197; x_wconf 75' lang='lat' dir='ltr'>Crm&#39;z</span> <span class='ocrx_word' id='word_1_235' title='bbox 782 2162 824 2197; x_wconf 90' lang='lat' dir='ltr'>et</span> <span class='ocrx_word' id='word_1_236' title='bbox 856 2169 958 2197; x_wconf 89' lang='lat' dir='ltr'>suus</span> <span class='ocrx_word' id='word_1_237' title='bbox 991 2160 1224 2199; x_wconf 85' lang='lat' dir='ltr'>conuentus</span> <span class='ocrx_word' id='word_1_238' title='bbox 1266 2157 1612 2196; x_wconf 87' lang='lat' dir='ltr'>renuntiauerunt</span> <span class='ocrx_word' id='word_1_239' title='bbox 1644 2156 1748 2194; x_wconf 90' lang='lat' dir='ltr'>omni</span> <span class='ocrx_word' id='word_1_240' title='bbox 1783 2155 1874 2208; x_wconf 72' lang='lat' dir='ltr'>iuri.J</span> <span class='ocrx_word' id='word_1_241' title='bbox 1908 2153 2018 2206; x_wconf 89' lang='lat' dir='ltr'>quod</span> 
     </span>
     <span class='ocr_line' id='line_1_27' title="bbox 149 2224 2016 2277; baseline -0.001 -15"><span class='ocrx_word' id='word_1_242' title='bbox 149 2224 364 2263; x_wconf 83' lang='lat' dir='ltr'>habebant</span> <span class='ocrx_word' id='word_1_243' title='bbox 397 2226 463 2264; x_wconf 83' lang='lat' dir='ltr'>vel</span> <span class='ocrx_word' id='word_1_244' title='bbox 499 2225 662 2265; x_wconf 84' lang='lat' dir='ltr'>babere</span> <span class='ocrx_word' id='word_1_245' title='bbox 697 2231 871 2277; x_wconf 86' lang='lat' dir='ltr'>possent</span> <span class='ocrx_word' id='word_1_246' title='bbox 912 2227 953 2265; x_wconf 90' lang='lat' dir='ltr'>in</span> <span class='ocrx_word' id='word_1_247' title='bbox 988 2226 1212 2265; x_wconf 85' lang='lat' dir='ltr'>ecclesiam</span> <span class='ocrx_word' id='word_1_248' title='bbox 1249 2224 1495 2265; x_wconf 71' lang='lat' dir='ltr'>Tresclzwiz</span> <span class='ocrx_word' id='word_1_249' title='bbox 1527 2235 1657 2275; x_wconf 90' lang='lat' dir='ltr'>super</span> <span class='ocrx_word' id='word_1_250' title='bbox 1690 2225 1780 2264; x_wconf 91' lang='lat' dir='ltr'>iure</span> <span class='ocrx_word' id='word_1_251' title='bbox 1813 2227 2016 2275; x_wconf 90' lang='lat' dir='ltr'>patrona-</span> 
     </span>
     <span class='ocr_line' id='line_1_28' title="bbox 149 2292 2015 2346; baseline -0.002 -15"><span class='ocrx_word' id='word_1_252' title='bbox 149 2296 232 2345; x_wconf 68' lang='lat' dir='ltr'>tus⁷</span> <span class='ocrx_word' id='word_1_253' title='bbox 266 2297 415 2342; x_wconf 90' lang='lat' dir='ltr'>petens</span> <span class='ocrx_word' id='word_1_254' title='bbox 456 2295 618 2332; x_wconf 87' lang='lat' dir='ltr'>nomine</span> <span class='ocrx_word' id='word_1_255' title='bbox 653 2295 870 2333; x_wconf 85' lang='lat' dir='ltr'>abbatisse</span> <span class='ocrx_word' id='word_1_256' title='bbox 911 2298 953 2334; x_wconf 93' lang='lat' dir='ltr'>et</span> <span class='ocrx_word' id='word_1_257' title='bbox 985 2295 1048 2333; x_wconf 86' lang='lat' dir='ltr'>sui</span> <span class='ocrx_word' id='word_1_258' title='bbox 1091 2297 1340 2346; x_wconf 73' lang='lat' dir='ltr'>conuentus7</span> <span class='ocrx_word' id='word_1_259' title='bbox 1374 2297 1416 2333; x_wconf 92' lang='lat' dir='ltr'>ut</span> <span class='ocrx_word' id='word_1_260' title='bbox 1455 2294 1544 2332; x_wconf 89' lang='lat' dir='ltr'>suis</span> <span class='ocrx_word' id='word_1_261' title='bbox 1587 2292 1901 2344; x_wconf 89' lang='lat' dir='ltr'>probationibus</span> <span class='ocrx_word' id='word_1_262' title='bbox 1940 2300 2015 2328; x_wconf 89' lang='lat' dir='ltr'>seu</span> 
     </span>
     <span class='ocr_line' id='line_1_29' title="bbox 150 2362 2015 2416; baseline -0.002 -16"><span class='ocrx_word' id='word_1_263' title='bbox 150 2362 438 2400; x_wconf 88' lang='lat' dir='ltr'>instrvmentis</span> <span class='ocrx_word' id='word_1_264' title='bbox 479 2363 751 2401; x_wconf 84' lang='lat' dir='ltr'>incontinenti</span> <span class='ocrx_word' id='word_1_265' title='bbox 799 2364 997 2416; x_wconf 73' lang='lat' dir='ltr'>receptis7</span> <span class='ocrx_word' id='word_1_266' title='bbox 1039 2363 1090 2402; x_wconf 88' lang='lat' dir='ltr'>ad</span> <span class='ocrx_word' id='word_1_267' title='bbox 1139 2363 1392 2402; x_wconf 88' lang='lat' dir='ltr'>decisionem</span> <span class='ocrx_word' id='word_1_268' title='bbox 1442 2373 1573 2401; x_wconf 85' lang='lat' dir='ltr'>cause</span> <span class='ocrx_word' id='word_1_269' title='bbox 1619 2362 1719 2400; x_wconf 89' lang='lat' dir='ltr'>iuris</span> <span class='ocrx_word' id='word_1_270' title='bbox 1761 2363 2015 2411; x_wconf 69' lang='lat' dir='ltr'>patronatus,</span> 
     </span>
     <span class='ocr_line' id='line_1_30' title="bbox 150 2426 2014 2482; baseline -0.002 -14"><span class='ocrx_word' id='word_1_271' title='bbox 150 2430 258 2481; x_wconf 80' lang='lat' dir='ltr'>quod</span> <span class='ocrx_word' id='word_1_272' title='bbox 294 2441 342 2469; x_wconf 90' lang='lat' dir='ltr'>se</span> <span class='ocrx_word' id='word_1_273' title='bbox 377 2430 517 2468; x_wconf 88' lang='lat' dir='ltr'>dicunt</span> <span class='ocrx_word' id='word_1_274' title='bbox 554 2430 714 2469; x_wconf 84' lang='lat' dir='ltr'>habere</span> <span class='ocrx_word' id='word_1_275' title='bbox 748 2432 789 2469; x_wconf 91' lang='lat' dir='ltr'>in</span> <span class='ocrx_word' id='word_1_276' title='bbox 817 2432 1044 2481; x_wconf 83' lang='lat' dir='ltr'>predictam</span> <span class='ocrx_word' id='word_1_277' title='bbox 1078 2432 1300 2471; x_wconf 88' lang='lat' dir='ltr'>ecclesiam</span> <span class='ocrx_word' id='word_1_278' title='bbox 1328 2431 1667 2482; x_wconf 65' lang='lat' dir='ltr'>procederemus,</span> <span class='ocrx_word' id='word_1_279' title='bbox 1700 2429 1767 2468; x_wconf 91' lang='lat' dir='ltr'>vel</span> <span class='ocrx_word' id='word_1_280' title='bbox 1802 2426 1909 2478; x_wconf 89' lang='lat' dir='ltr'>quod</span> <span class='ocrx_word' id='word_1_281' title='bbox 1946 2426 2014 2464; x_wconf 94' lang='lat' dir='ltr'>vni</span> 
     </span>
     <span class='ocr_line' id='line_1_31' title="bbox 151 2496 2017 2552; baseline -0.003 -15"><span class='ocrx_word' id='word_1_282' title='bbox 151 2498 281 2550; x_wconf 87' lang='lat' dir='ltr'>Iudicj</span> <span class='ocrx_word' id='word_1_283' title='bbox 326 2499 393 2537; x_wconf 84' lang='lat' dir='ltr'>vel</span> <span class='ocrx_word' id='word_1_284' title='bbox 437 2499 614 2551; x_wconf 72' lang='lat' dir='ltr'>duobus,</span> <span class='ocrx_word' id='word_1_285' title='bbox 657 2499 724 2550; x_wconf 81' lang='lat' dir='ltr'>qui</span> <span class='ocrx_word' id='word_1_286' title='bbox 765 2499 817 2538; x_wconf 91' lang='lat' dir='ltr'>de</span> <span class='ocrx_word' id='word_1_287' title='bbox 859 2499 966 2538; x_wconf 82' lang='lat' dir='ltr'>sacili</span> <span class='ocrx_word' id='word_1_288' title='bbox 1011 2504 1184 2550; x_wconf 87' lang='lat' dir='ltr'>possent</span> <span class='ocrx_word' id='word_1_289' title='bbox 1224 2501 1465 2552; x_wconf 71' lang='lat' dir='ltr'>conuenire,</span> <span class='ocrx_word' id='word_1_290' title='bbox 1507 2510 1596 2538; x_wconf 86' lang='lat' dir='ltr'>eam</span> <span class='ocrx_word' id='word_1_291' title='bbox 1636 2496 2017 2549; x_wconf 83' lang='lat' dir='ltr'>subdelegaremus</span> 
     </span>
     <span class='ocr_line' id='line_1_32' title="bbox 151 2563 2015 2621; baseline -0.003 -14"><span class='ocrx_word' id='word_1_292' title='bbox 151 2567 468 2621; x_wconf 70' lang='lat' dir='ltr'>terminandam,</span> <span class='ocrx_word' id='word_1_293' title='bbox 502 2579 554 2607; x_wconf 91' lang='lat' dir='ltr'>ne</span> <span class='ocrx_word' id='word_1_294' title='bbox 583 2579 659 2619; x_wconf 86' lang='lat' dir='ltr'>per</span> <span class='ocrx_word' id='word_1_295' title='bbox 691 2568 848 2619; x_wconf 86' lang='lat' dir='ltr'>lapsum</span> <span class='ocrx_word' id='word_1_296' title='bbox 876 2569 1072 2619; x_wconf 89' lang='lat' dir='ltr'>temporis</span> <span class='ocrx_word' id='word_1_297' title='bbox 1105 2582 1127 2607; x_wconf 82' lang='lat' dir='ltr'>a</span> <span class='ocrx_word' id='word_1_298' title='bbox 1158 2570 1247 2607; x_wconf 91' lang='lat' dir='ltr'>iure</span> <span class='ocrx_word' id='word_1_299' title='bbox 1281 2566 1442 2620; x_wconf 70' lang='lat' dir='ltr'>prelixj,</span> <span class='ocrx_word' id='word_1_300' title='bbox 1468 2568 1531 2606; x_wconf 89' lang='lat' dir='ltr'>eis</span> <span class='ocrx_word' id='word_1_301' title='bbox 1556 2565 1622 2604; x_wconf 89' lang='lat' dir='ltr'>vel</span> <span class='ocrx_word' id='word_1_302' title='bbox 1649 2576 1790 2604; x_wconf 89' lang='lat' dir='ltr'>earum</span> <span class='ocrx_word' id='word_1_303' title='bbox 1815 2563 2015 2615; x_wconf 70' lang='lat' dir='ltr'>ecclesie7</span> 
     </span>
    </p>
   </div>
  </div>
 </body>
</html>
