2138 2845
1024 162 1123 201 120

142 306 330 346 omnibus
370 317 620 346 consensum
655 311 836 345 nostrum
880 305 1112 344 liberaliter
1145 304 1410 356 adhibentes7
1450 305 1766 359 subscribimus⁷
1801 316 2006 356 presens-

143 386 223 427 que
256 376 453 425 scriptum
487 375 620 428 sigilli
659 375 790 413 nostri
824 375 1042 413 munimine
1076 373 1333 412 roboramus.
1375 373 1527 412 Datum
1562 374 1601 412 in
1636 371 1848 414 Cremser.
1881 375 2006 413 Anno

142 443 293 482 domini
325 443 548 483 Millesimo
575 443 874 482 Ducentesimo
899 443 1229 497 Septuagesimo
1255 446 1416 493 quarto.
1450 443 1683 496 Dominica7
1709 454 1789 494 qua
1815 447 2009 482 cantatur

142 511 289 551 letare.

453 601 507 633 Ex
531 601 724 642 originali
749 602 779 632 in
803 601 893 632 arch.
918 601 1271 642 archiepiscopali
1297 600 1605 633 Cremsiriensi.
1638 620 1682 625 —
1710 600 2009 643 Apographum

557 654 588 683 in
611 651 780 683 codicibus
805 651 980 684 Olomuc.
1004 654 1030 685 Ι.
1054 654 1186 685 membr.
1212 653 1341 685 f01.77.
1367 656 1399 684 et
1422 652 1720 684 Cremsiriensi
1744 652 1785 686 G.
1810 653 1853 684 11.
1877 663 1907 684 n.
1931 650 2010 695 93„

559 713 683 733 necnon
707 705 737 733 in
762 705 987 734 transumto
1012 704 1130 735 Pauli
1154 704 1201 735 de
1225 704 1377 746 Praga,
1411 706 1524 736 vicarii
1548 705 1579 736 in
1602 705 1838 746 spiritualibus,
1862 703 1903 735 ab
1926 712 2010 735 anno

561 752 677 784 1⁴23.
701 755 733 784 in
758 754 895 785 eodem
920 755 1069 786 archivo,

953 921 1170 962 LXXXV
1175 921 1207 960 Ι.

144 1014 263 1054 Idem
294 1013 456 1054 Achilli
495 1012 548 1053 de
579 1013 879 1054 Hemenlzusen
916 1016 1062 1055 villam
1094 1014 1244 1057 Sa'delc
1284 1017 1324 1054 el
1353 1014 1556 1054 allodium
1588 1016 1631 1054 in
1663 1015 1765 1054 villa
1802 1015 2006 1055 Matthaei

307 1083 474 1135 confert
501 1084 545 1122 in
574 1083 762 1136 feudum.
827 1085 898 1124 Dc.
933 1084 1169 1134 cremesa-ii,
1203 1083 1414 1124 dominica
1450 1085 1646 1134 Laetare,
1686 1082 1842 1124 1274.

291 1176 456 1236 Bruno
505 1194 570 1234 dei
612 1196 753 1248 gratia
798 1195 1088 1235 olomucensis
1137 1196 1374 1248 episcopus7
1421 1195 1588 1235 Dilecto
1629 1195 1724 1248 sibi⁷
1757 1195 1918 1235 Achilli
1959 1194 2012 1234 de

143 1263 442 1303 Hemenlmsen
474 1263 584 1302 militi
618 1275 694 1302 suo
728 1265 900 1315 sulsque
934 1264 1162 1303 heredibus
1197 1266 1236 1303 in
1270 1269 1526 1315 perpetuum.
1583 1264 1729 1318 Digne
1762 1265 1932 1318 agimus
1968 1267 2011 1304 et

143 1333 306 1371 ratione
350 1343 572 1386 mouemur⁷
616 1332 707 1371 dum
748 1343 902 1386 eorum7
952 1335 1018 1385 qui
1067 1345 1115 1372 se
1159 1334 1279 1372 uobis
1321 1338 1363 1372 et
1401 1333 1586 1372 ecclesie
1635 1336 1778 1372 nostre
1826 1333 2011 1372 seruiles

143 1400 347 1439 exhibent
386 1405 428 1439 et
461 1399 619 1453 fideles,
654 1411 1021 1452 recompensamus
1054 1402 1239 1440 seruicia
1281 1401 1333 1440 de
1374 1403 1519 1455 gratia
1551 1401 1725 1452 speciali
1759 1405 1802 1441 ut
1835 1412 1886 1440 eo
1922 1399 2012 1440 ser-

142 1470 318 1508 uencius
371 1470 526 1508 nostris
574 1470 770 1509 insistant
812 1470 1026 1521 obsequiis
1070 1470 1161 1509 dum
1211 1468 1396 1509 fauorem
1445 1474 1628 1509 nostrum
1670 1470 1750 1509 sibi
1799 1470 2011 1509 senserint

145 1536 330 1577 affuisse.
394 1538 504 1576 Hinc
547 1542 612 1577 est
653 1538 760 1589 quod
804 1539 1006 1589 inspectis
1046 1539 1302 1578 sinceritatis
1341 1542 1411 1577 tue
1454 1539 1662 1592 seruiciis⁷
1703 1549 1783 1590 que
1818 1538 1939 1578 nobis
1973 1539 2014 1577 in

144 1606 329 1646 ecclesie
370 1610 514 1645 nostre
556 1608 753 1661 negociis
802 1611 843 1646 et
892 1607 1138 1646 Vtilitatibus
1186 1619 1267 1646 non
1317 1607 1530 1658 parcendo
1572 1607 1700 1646 rebus
1741 1610 1783 1646 et
1832 1617 2014 1658 persone

144 1674 463 1727 promptitudine
507 1679 635 1728 grata
669 1676 745 1715 iam
786 1675 948 1715 diucius
992 1675 1230 1729 inpendisti7
1271 1680 1312 1715 et
1345 1676 1538 1715 intendas
1580 1677 1620 1715 in
1653 1676 1882 1715 huiusmodi
1916 1686 2014 1714 ser-

144 1745 265 1784 uiciis
305 1745 538 1795 persistere
582 1745 863 1784 incessanter.
929 1743 1116 1796 Cumque
1165 1743 1434 1784 benefecisse
1485 1745 1606 1784 bonis
1648 1747 1689 1784 et
1730 1742 1918 1783 fidelibus
1960 1744 2015 1783 sit

145 1813 249 1852 omni
292 1817 411 1863 parte
445 1812 668 1866 lucrosum⁷
710 1825 784 1852 nos
818 1813 889 1852 tibi
931 1814 998 1865 qui
1033 1818 1074 1853 te
1116 1817 1196 1853 tam
1230 1812 1324 1852 fidei
1367 1814 1547 1864 puritate
1581 1824 1701 1864 quam
1741 1813 2015 1852 seruiciorum

146 1881 399 1935 exhigentia
434 1881 718 1920 retributionis
754 1883 907 1932 premio
942 1882 1114 1935 dignum
1149 1882 1291 1921 reddis
1325 1882 1467 1921 damus
1501 1885 1543 1921 et
1574 1880 1823 1921 conserimus
1856 1881 2015 1920 libera-

145 1950 240 1988 liter
265 1954 306 1988 et
335 1950 513 1989 libenter
543 1951 581 1989 in
610 1948 772 1989 feodum
795 1951 962 2001 capituli
989 1952 1119 1990 nostri
1138 1950 1371 1990 accedente
1397 1962 1622 1989 consensu.
1648 1950 1783 1988 villam
1805 1950 2015 2003 integram

148 2018 189 2056 in
222 2017 399 2057 Shwczdic.
435 2019 535 2058 Item
570 2020 609 2058 in
632 2019 736 2058 villa
769 2019 944 2069 Jlatliei,
966 2019 1155 2058 allodium
1184 2032 1305 2058 vnum
1340 2024 1381 2059 et
1408 2024 1595 2070 quartum
1629 2019 1802 2058 medium
1831 2030 2013 2057 mansum

148 2086 189 2125 in
224 2087 311 2136 ipsa
339 2087 436 2125 villa
470 2099 559 2126 cum
585 2088 772 2127 omnibus
808 2089 965 2127 iuribus
994 2088 1233 2141 eorundem,
1269 2088 1465 2127 videlicet
1492 2088 1623 2138 siluis7
1659 2088 1802 2141 pratis,
1831 2087 2016 2139 pascuis,

149 2156 464 2208 piscationibus7
508 2168 654 2211 censu⁷
694 2157 860 2211 iudicio⁷
893 2159 1021 2197 sturis
1064 2158 1335 2209 omnibusque
1370 2158 1642 2208 prouentibus
1675 2158 1742 2209 qui
1776 2156 2016 2208 supradicte

149 2224 248 2262 ville
282 2229 323 2263 et
355 2224 488 2263 lancis
523 2225 575 2263 ad
609 2237 788 2276 presens
823 2227 962 2266 insunt
998 2226 1065 2266 vel
1099 2227 1241 2265 inesse
1276 2231 1468 2277 poterunt
1512 2227 1551 2265 in
1585 2224 1720 2265 futuro
1755 2225 1863 2264 nullo
1897 2224 2015 2264 dimi-

150 2296 248 2331 nuto
283 2292 351 2330 vel
386 2298 567 2342 excepto
602 2304 677 2343 per
708 2298 750 2333 te
783 2299 825 2333 et
850 2295 1033 2334 heredes
1066 2299 1159 2334 tuos
1192 2293 1296 2334 filios
1323 2295 1537 2334 dumtaxat
1570 2298 1612 2333 et
1645 2306 1726 2333 non
1760 2292 1866 2333 filias
1898 2292 2013 2332 titulo

150 2359 260 2400 feodi
295 2364 444 2399 teneas
484 2365 525 2399 ct
560 2362 779 2410 possideas
820 2375 870 2401 ac
904 2365 1066 2402 ratione
1101 2365 1231 2414 ipsius
1272 2362 1381 2403 feodi
1416 2364 1483 2402 ius
1524 2363 1796 2402 wasullorum
1828 2359 2013 2409 Μαράθ-

151 2429 374 2480 buryensis
403 2429 587 2468 ecclesie
615 2429 775 2467 habeas
809 2431 848 2469 in
874 2432 1060 2470 omnibus
1087 2433 1375 2471 indistinctum.
1401 2432 1507 2483 quod
1544 2436 1585 2470 et
1609 2432 1701 2469 aliis
1727 2429 2013 2468 concessimus

151 2497 373 2538 infeodatis
416 2510 440 2537 a
484 2498 618 2550 nobis7
662 2498 853 2548 quodque
894 2499 1075 2538 heredes
1119 2503 1173 2539 tui
1218 2500 1282 2539 lilii
1326 2505 1477 2539 tantum
1519 2501 1626 2538 sicut
1666 2498 1906 2549 premissum
1949 2502 2014 2537 est

151 2568 369 2621 gaudeant
406 2569 493 2617 ipso
529 2568 629 2605 iure.
683 2567 814 2605 Dabis
848 2569 978 2605 eciam
1006 2570 1126 2606 annis
1160 2570 1342 2621 singulis
1378 2571 1416 2607 in
1449 2568 1779 2621 recognitionem
1814 2567 2011 2605 bonorum
