2138 2845
1034 163 1238 223 266——

154 306 308 356 plures.
372 304 520 343 Actum
555 314 664 342 anno
698 303 846 342 domini
879 303 940 343 Μ.
975 302 1065 344 CO.
1097 304 1283 344 LXXX.
1323 304 1465 355 primo.
1507 306 1642 347 datum
1683 309 1726 349 in
1756 310 2013 365 Lubschicz7

154 385 228 424 per
260 384 404 412 manus
436 372 611 411 Henrici
644 373 774 411 nostri
808 373 1065 426 cancellarii,
1099 372 1180 426 die⁷
1214 377 1256 412 et
1288 373 1379 412 loco
1413 371 1602 424 prefatis.

461 479 491 511 E
518 479 840 511 confirmatione
863 480 1109 521 privilegiorum
1134 478 1320 521 ejusdem
1344 481 1498 513 civitatis.

1029 644 1138 688 CCI.

149 750 394 790 Harttiebus
436 748 487 788 de
527 748 696 799 Dubna,
737 749 999 788 camerarius
1041 750 1326 801 Znoymensis
1365 753 1405 790 et
1440 751 1713 804 Βίῖουίεηείε,
1744 755 2014 806 protestatur,

152 819 363 858 dominam
398 817 622 869 Troylsam,
655 818 844 857 relictam
877 816 1038 869 sifridi
1071 817 1122 857 de
1155 817 1397 870 Zbraslaw,
1429 821 1685 860 monasterio
1720 820 2015 862 Oslowanensi

631 887 858 925 contulisse
890 886 1034 925 villum
1067 886 1316 926 Podoleice.
1387 887 1539 929 1281.

288 979 402 1041 Nos
444 997 674 1037 Hartlebus
718 997 770 1037 de
814 998 980 1051 Dubna,
1021 998 1280 1037 camerarius
1319 998 1613 1052 Znoymensis7
1653 1002 1696 1039 et
1735 999 2012 1039 vethuiensis.

148 1068 297 1107 Notum
331 1066 418 1107 fieri
444 1067 630 1106 uolumus
658 1070 757 1117 aput
790 1066 997 1117 quoslibet
1023 1067 1285 1117 presencium
1309 1068 1574 1118 inspectores
1600 1070 1641 1106 et
1669 1067 1746 1106 sub
1775 1068 2012 1108 certissima

148 1140 291 1176 nostre
331 1136 579 1175 assercionc
622 1133 714 1174 fidei
756 1139 1048 1189 protestamur7
1097 1135 1206 1186 quod
1249 1135 1409 1174 domina
1455 1136 1622 1186 Troyca
1664 1136 1812 1175 relicta
1854 1135 2014 1176 domim·

147 1204 309 1257 Stfm'di
341 1204 392 1244 de
425 1204 644 1244 Zbralaus
678 1204 744 1254 pie
777 1203 1022 1243 deuocionis
1055 1203 1219 1257 affectu,
1254 1207 1296 1244 et
1328 1204 1560 1255 inspirante
1594 1204 1770 1258 domino7
1803 1205 1844 1243 in
1872 1215 2012 1244 reme-

148 1274 254 1313 dium
288 1274 422 1312 anime
454 1284 531 1312 sue
564 1283 644 1312 nec
678 1284 758 1311 non
793 1276 835 1311 et
867 1272 1004 1311 dilecti
1038 1273 1168 1312 mariti
1202 1274 1265 1312 sui
1301 1273 1589 1324 prememorati
1621 1273 1877 1325 omniumque
1910 1285 2011 1324 pro-

148 1343 386 1396 genitorum
421 1353 588 1380 suorum
622 1340 674 1379 de
703 1340 916 1379 uoluntate
950 1344 991 1379 et
1019 1351 1199 1379 assensu
1232 1339 1298 1379 filii
1332 1343 1396 1379 sui
1422 1341 1552 1379 eciam
1580 1340 1717 1391 Nycot
1749 1341 1845 1380 dicti
1874 1340 2011 1379 villam

147 1409 441 1460 Podalizzycz
480 1408 664 1448 ecclesie
696 1408 827 1451 beate
872 1408 1054 1461 virginis
1096 1408 1137 1447 in
1187 1408 1393 1448 Ozlawcm
1432 1409 1522 1447 iure
1565 1410 1711 1459 quouis
1752 1407 2010 1447 hereditario

146 1479 318 1518 contulit
357 1481 559 1528 perpetuo
600 1476 908 1529 possidendam,
950 1478 1218 1527 presentibus
1268 1477 1387 1515 nobis
1429 1475 1682 1527 Czuzkrayo
1730 1476 1918 1529 zudario7
1967 1480 2010 1516 et

148 1546 454 1587 Eberuscbone
494 1545 630 1584 iudice
672 1545 912 1594 prouinciali
954 1545 1138 1584 eiusdem
1179 1545 1406 1597 districtus,
1448 1549 1489 1584 et
1528 1545 1620 1583 aliis
1660 1545 1762 1583 uiris
1802 1545 2009 1584 nobilibus

147 1627 266 1667 quam
292 1614 473 1667 plurimis
507 1611 585 1652 fide
612 1613 769 1666 dignis⁷
804 1624 908 1663 quos
934 1613 1080 1652 eadem
1114 1613 1275 1653 domina
1304 1614 1343 1651 in
1376 1614 1691 1651 attestacionem
1716 1612 1837 1651 huius
1873 1612 2009 1652 dona-

146 1684 279 1722 cionis
313 1683 477 1723 deuotis
511 1682 706 1733 precibus
740 1681 936 1731 applicuit
968 1684 1010 1720 et
1042 1682 1228 1720 attraxit.
1274 1681 1322 1720 In
1355 1682 1472 1720 cuius
1507 1682 1567 1720 rei
1600 1681 1873 1719 testimonium
1908 1691 2009 1730 pre-

146 1755 306 1791 sentem
341 1751 539 1805 paginam
573 1750 782 1788 conscribi
812 1750 1002 1788 iussimus
1037 1750 1167 1788 nostri
1190 1750 1320 1804 sigilli
1354 1753 1577 1789 caractere
1606 1749 1855 1788 roboratam.
1896 1749 2008 1787 Acta

146 1824 243 1862 sunt
275 1820 355 1860 hec
387 1831 496 1859 anno
531 1819 679 1858 domini
713 1818 774 1858 M.
809 1816 898 1858 CC.
932 1818 1137 1858 LXXXI.

458 1918 511 1953 Ex
535 1917 738 1962 originali
762 1926 833 1949 cum
857 1917 964 1959 sigillo
988 1917 1093 1949 fracto
1118 1915 1305 1958 ejusdcm
1329 1916 1528 1948 monasterii.

1011 2082 1143 2126 CCII.

149 2188 402 2230 Ger-hardus
450 2189 501 2228 de
549 2189 719 2241 obrany
765 2190 1039 2241 protestatur,
1093 2186 1355 2237 Robustum,
1403 2184 1716 2224 marschalcum
1770 2183 2007 2234 Moraviae,

148 2257 375 2296 contulisse
404 2257 519 2308 filiae
551 2270 653 2296 suae
685 2260 723 2296 et
753 2257 1006 2296 monas-terto
1042 2255 1336 2296 Oslowanensz·
1374 2254 1518 2293 villum
1559 2254 1728 2305 Pispitz
1760 2254 1799 2291 et
1828 2251 2008 2290 mediam

628 2326 771 2365 vittam
803 2324 984 2376 Sludyh.
1047 2326 1120 2364 Dt.
1151 2324 1342 2375 Bruma,
1382 2322 1534 2362 1281.

293 2414 501 2476 Suboriri
527 2435 634 2473 solet
660 2435 712 2474 (le
737 2436 876 2488 gestis
900 2435 1101 2474 hominum
1122 2434 1243 2473 multa
1267 2433 1513 2486 calumpnia,
1540 2432 1616 2471 nisi
1638 2431 1823 2470 viuorum
1841 2427 2004 2467 testium

146 2505 274 2545 robur
306 2503 555 2543 adhibeatur
588 2506 657 2541 aut
689 2504 910 2552 scriptura.
976 2503 1244 2553 Quapropter
1275 2514 1353 2541 nos
1382 2500 1629 2542 (imbardus
1662 2499 1714 2537 de
1746 2496 2005 2536 obersezze.

147 2572 413 2624 presentibus
447 2575 735 2624 protestamur7
777 2571 883 2621 quod
918 2571 1103 2609 dominus
1146 2572 1369 2624 Boliusius7
1403 2568 1670 2618 marscalcus7
1711 2566 1907 2618 niorauie⁷
1942 2565 2006 2604 vir
