2138 2845
1016 164 1115 204 130

132 311 256 350 totius
298 311 410 349 orbis
453 311 734 348 necessitates
784 309 995 347 innumere
1036 310 1333 359 protestantur,
1375 309 1417 345 et
1457 306 1622 360 regalis
1663 307 1996 361 circumspectio,

133 379 425 431 discriminum,
460 390 539 430 que
580 379 709 431 longa
746 378 912 416 vacatio
954 376 1116 416 induxit
1149 376 1322 428 imperii,
1363 376 1535 413 conscia
1578 387 1658 414 non
1693 377 1878 430 ignorat.
1940 377 1998 416 Et

135 449 227 488 ideo
263 449 444 487 nimirum
487 448 627 486 borum
663 447 941 486 consideratis
984 446 1259 485 vehementer
1299 445 1596 483 conscientiam
1636 449 1820 484 nostram
1853 448 1996 499 urget,

134 523 176 557 ut
220 518 498 568 prouisionem
548 516 723 554 eandem
773 527 1031 566 nequaquam
1069 514 1243 553 ulterius
1293 512 1542 565 differamus,
1585 513 1660 552 sed
1708 513 1997 552 acceleremus

134 585 387 639 omnimodis,
422 586 638 636 presertim
675 596 763 622 cum
800 588 991 634 patenter
1024 587 1241 635 appareat,
1277 593 1351 633 per
1379 582 1613 621 dilationem
1649 583 1779 632 ipsius
1814 582 1998 636 grandia

135 654 200 693 dei
221 655 394 693 seruitia
421 653 775 704 periculosissime
802 652 1000 703 impediri,
1030 656 1070 690 et
1096 652 1338 701 specialiter
1362 656 1513 690 terram
1540 656 1725 690 sanctam
1754 651 2000 702 perditionis

135 723 319 774 periculo
353 722 589 760 subiacere.
655 719 1019 758 Accelerationem
1054 720 1217 770 quidem
1252 720 1495 772 huiusmodi,
1530 722 1809 759 conueniente
1843 720 2000 771 pluries

135 803 274 830 coram
324 791 444 828 nobis
484 799 640 842 magna
683 788 933 838 prelatorum
974 788 1241 840 multitudine,
1291 790 1358 839 qui
1400 789 1451 827 ad
1500 789 1693 828 indictum
1741 790 1850 828 sicut
1893 789 1999 828 nosti

136 859 346 913 generale
390 857 605 896 concilium
647 859 950 908 conuenerunt,
1001 858 1195 906 exposita
1239 867 1313 906 per
1357 857 1497 907 plures
1538 862 1580 896 et
1619 869 1799 911 magnos
1840 869 1896 896 ex
1936 858 2000 896 eis

135 929 286 967 deuota
319 927 569 978 supplicatio
611 927 762 979 exigit,
798 936 887 963 eam
931 927 1103 963 omnium
1147 924 1265 975 quasi
1301 925 1524 963 communis
1567 927 1746 964 assertio
1781 926 2001 980 suggerit,

138 997 446 1048 detestantium,
488 1007 567 1034 non
609 996 701 1033 sine
743 1000 838 1033 nota
872 993 1000 1034 Sedis
1036 993 1266 1043 apostolice
1307 994 1493 1044 quamuis
1533 995 1725 1032 veritatis
1766 992 2001 1033 fulcimento

136 1070 296 1114 careat,
331 1070 484 1103 tantum
520 1068 561 1102 et
585 1064 667 1102 tale
704 1064 917 1116 negotium
944 1067 1022 1101 tam
1059 1063 1190 1115 longa
1219 1062 1597 1113 procrastinatione
1631 1061 1811 1100 dilatum.
1861 1060 2003 1109 Quare

138 1135 370 1174 deuotionis
394 1138 464 1173 tue
493 1133 792 1185 sinceritatem,
823 1143 940 1183 quam
966 1132 1171 1170 hactenus
1197 1131 1248 1169 ad
1277 1134 1383 1169 tuam
1412 1135 1579 1170 matrem
1609 1131 1832 1169 ecclesiam
1859 1130 2005 1170 verbis

139 1208 181 1243 et
214 1203 411 1254 operibus
448 1202 709 1254 pretendisti,
744 1201 884 1240 debite
917 1200 1270 1239 considerationis
1304 1201 1498 1238 examine
1532 1199 1815 1251 attendentes,
1849 1210 2006 1238 curan-

139 1273 230 1311 dum
265 1270 354 1311 sore
385 1272 636 1323 censuimus,
670 1274 711 1309 ut
738 1271 771 1309 si
807 1281 883 1320 per
909 1274 950 1308 te
983 1268 1090 1308 sorte
1121 1281 1199 1307 non
1226 1269 1403 1320 steterit,
1434 1269 1638 1319 premissa
1666 1279 1756 1306 cum
1783 1268 1839 1306 tui
1873 1272 2007 1306 status

140 1339 315 1393 pacifici,
359 1344 551 1392 quantum
593 1338 679 1378 lieri
722 1340 885 1391 poterit,
928 1339 1168 1388 prouisione
1209 1337 1452 1390 procedant,
1496 1348 1575 1376 nec
1614 1340 1656 1376 te
1698 1338 1739 1375 in
1779 1338 1930 1390 grauis
1964 1340 2006 1376 et

141 1410 377 1461 periculose
411 1409 680 1447 dissentionis
716 1407 874 1458 prolabi
909 1407 1144 1460 discrimen,
1178 1412 1248 1446 aut
1282 1407 1412 1457 ipsius
1445 1406 1580 1445 dubiis
1613 1406 1835 1445 euentibus
1869 1406 2006 1456 patia-

140 1490 228 1517 mur
269 1479 435 1528 exponi.
500 1477 680 1527 Propter
725 1476 831 1527 quod
874 1476 1146 1515 venerabiles
1188 1474 1343 1514 fratres
1383 1481 1549 1514 nostros
1589 1504 1599 1514 .
1636 1503 1646 1513 .
1688 1474 2007 1514 olomucensem

140 1552 181 1586 et
215 1576 223 1585 .
258 1575 267 1585 .
301 1547 606 1587 Secouiensem
642 1546 866 1596 episcopos
900 1545 950 1583 ad
988 1544 1179 1597 regalem
1220 1545 1475 1594 presentiam
1509 1543 1831 1582 delibet-animus
1865 1543 2008 1581 remit-

143 1616 306 1667 tendos,
342 1615 596 1654 excellentie
629 1619 699 1652 tue
728 1614 865 1664 aliqua
901 1613 1123 1665 relaturoS,
1152 1623 1232 1664 que
1268 1613 1364 1651 licet
1392 1612 1513 1651 nobis
1548 1611 1672 1650 valde
1705 1609 1892 1661 profecto
1925 1612 2009 1650 sint

140 1685 272 1737 oneri,
307 1684 413 1723 adeo
455 1688 590 1722 tamen
624 1685 704 1722 tuis
749 1683 957 1721 credimus
992 1682 1236 1720 utilitatibus
1277 1681 1497 1735 expedire,
1538 1684 1580 1719 ut
1620 1692 1724 1720 sano
1757 1680 1932 1719 consilio
1966 1683 2009 1719 et

141 1757 314 1805 paterno
347 1753 419 1792 tibi
453 1752 704 1791 suadeamus
739 1750 903 1804 affectu,
938 1752 1131 1802 quatinus
1165 1750 1217 1789 ad
1252 1755 1475 1801 promptam
1510 1749 1666 1788 illorum
1700 1749 2009 1799 expeditionem

141 1826 183 1862 et
208 1822 389 1861 celerem
420 1822 482 1860 sic
512 1821 712 1871 disponas
739 1822 927 1872 animum,
954 1821 1015 1857 sic
1043 1820 1234 1873 inclines,
1261 1824 1304 1859 ut
1329 1818 1561 1858 inconsulta
1587 1817 1696 1870 quod
1724 1817 1834 1857 absit
1859 1817 2009 1857 electio

144 1902 281 1930 seram
315 1889 497 1930 fortasse
532 1890 797 1941 penitentiam
832 1901 912 1927 non
947 1888 1128 1927 inducat.

454 1973 483 2005 E
509 1973 692 2015 Regesto
717 1970 896 2003 Berardi
921 1970 968 2002 de
992 1970 1180 2012 Neapoli,
1205 1971 1301 2011 epist.
1326 1969 1388 2000 54.
1412 1970 1442 2000 in
1469 1969 1695 2000 tabulariis
1720 1967 1945 1999 Vaticanis.

1011 2077 1151 2118 XCV.

145 2157 311 2205 Brunc,
345 2157 568 2208 episcopus
596 2156 905 2206 olomucensis,
934 2154 1146 2206 Greqorz'o
1168 2166 1306 2207 papae
1334 2154 1386 2194 X.
1420 2154 1564 2206 refert,
1593 2152 1838 2203 Otakarum,
1871 2163 2013 2203 reyem

145 2225 362 2274 Boemme,
396 2226 438 2262 in
472 2226 635 2274 neqolio
668 2226 834 2276 iuipcrii
867 2224 1104 2264 sulmn'llere
1136 2236 1181 2262 se
1206 2222 1380 2262 arbitrio
1413 2222 1527 2261 sedis
1561 2221 1842 2274 apostolicae,-
1875 2221 2012 2272 ipsum

148 2294 269 2332 eliam
293 2295 388 2343 pos!
407 2292 727 2343 qnadrc'emu'mn
752 2306 796 2331 se
820 2306 913 2331 cnm
932 2293 1073 2331 rale'do
1100 2293 1291 2331 &remila
1318 2291 1405 2344 „ad
1426 2291 1664 2342 obsequium
1690 2290 1799 2330 Jesu
1822 2286 2011 2330 Clu-ist?

211 2362 380 2413 offerre,
423 2360 647 2399 dunmeodo
689 2362 844 2399 interea
885 2361 994 2401 w‘lzil
1033 2365 1178 2401 contra
1211 2374 1302 2400 eum
1346 2362 1518 2414 ejusque
1557 2363 1693 2399 [erras
1726 2360 1950 2398 allentclur.

632 2430 703 2468 Iu.
740 2430 929 2479 Proque,
964 2430 1041 2469 IV.
1075 2430 1180 2469 Idus
1213 2431 1338 2481 Julii5
1380 2429 1531 2470 1274.

305 2486 597 2549 Sanctissimo
634 2507 755 2557 patri,
789 2505 948 2544 domino
983 2519 1073 2559 su0,
1109 2507 1324 2561 Gregorio
1366 2510 1642 2545 sacrosancte
1674 2504 1863 2542 Romane
1896 2501 2013 2541 sedis

148 2588 301 2616 summo
331 2574 541 2629 Pontilici,
575 2576 623 2615 B.
648 2575 714 2614 dei
749 2576 890 2629 gratia
925 2576 1150 2626 episcopus
1185 2575 1491 2625 Olomucensz’s,
1524 2572 1700 2612 debitam
1734 2571 2013 2610 reuerentiam
