2138 2845
1080 199 1185 241 372

206 345 386 397 laudata,
419 342 526 394 quod
558 342 694 382 nullus
727 341 927 382 hominum
960 342 1093 393 possit
1123 341 1192 381 uel
1218 340 1371 382 audeat
1402 341 1512 380 hanc
1544 343 1811 392 prolationem
1844 347 2052 388 sententie

203 414 485 466 redarguere,
518 414 588 451 aut
619 410 750 450 uerbo
782 411 850 450 uel
890 422 1019 462 opere
1059 410 1293 462 aliqualiter
1331 410 1555 450 contraire.
1618 410 1802 465 Dignum
1835 418 1900 455 est
1931 417 2052 470 enim,

202 485 245 522 ut
277 492 335 521 ex
366 492 432 527 eo,
465 481 561 532 quia
593 480 673 531 ipsi
705 479 900 519 consules
934 482 976 519 et
1006 480 1166 519 scabini
1206 479 1284 518 uiri
1316 481 1412 517 sunt
1452 478 1587 533 iurati,
1629 479 1736 531 quod
1769 481 1832 519 eis
1865 482 2052 533 perfecte

202 549 319 589 credi
368 549 521 588 debeat
566 549 607 588 in
648 548 729 588 hac
777 551 910 599 parte.
973 547 1182 587 Preterea
1220 547 1263 586 in
1301 546 1528 586 subsidium
1577 550 1619 587 et
1666 548 1856 588 leuamen
1903 550 2052 591 ciuium

202 617 363 669 Opauie
404 616 681 668 predictorum
721 628 863 656 omnes
905 616 1051 667 culpas
1092 620 1134 655 et
1177 626 1306 667 penas
1348 615 1601 668 denariales,
1651 627 1757 667 quas
1796 628 1933 657 coram
1975 629 2051 658 suo

198 686 337 726 iudice
370 685 624 725 hereditario
657 685 724 724 uel
757 695 838 724 non
871 684 1127 724 hereditario
1160 683 1393 737 inciderint,
1426 684 1547 722 minui
1580 685 1775 737 gratiose
1806 683 1978 725 fecimus
2010 687 2051 725 in

198 755 309 795 hunc
348 754 520 806 modum,
560 757 602 793 ut
641 764 781 792 eorum
820 754 948 792 maior
990 763 1098 804 pena
1137 752 1364 792 denarialis
1409 752 1586 805 triginta
1625 752 1848 792 solidorum
1881 764 2051 794 numero

197 824 505 865 sententialiter
536 822 801 876 designetur,
834 833 942 874 pena
973 832 1076 861 uero
1109 822 1240 860 minor
1272 823 1448 872 quatuor
1486 820 1631 860 solidis
1664 820 1929 876 designetur.
1977 823 2051 862 In-

197 903 327 943 super
359 892 455 942 quia
496 901 600 942 sepe
633 891 729 930 dicti
769 891 887 930 ciues
927 891 1060 930 nostri
1100 888 1290 940 Oppauie
1332 887 1536 940 quandam
1574 889 1733 939 syluam
1771 891 1814 929 in
1852 900 2050 931 mensura

197 960 482 1013 quadraginta
521 959 732 999 laneorum
771 971 797 998 a
829 963 946 1011 patre
989 961 1132 998 nostro
1173 955 1309 997 felicis
1349 958 1542 997 memorie
1583 957 1814 1012 Otliakaro,
1854 959 2048 1010 preclaro

195 1039 308 1083 rege
340 1029 525 1082 Boemie,
558 1040 635 1068 sua
669 1029 848 1080 pecunia
881 1028 1039 1079 pluries
1071 1026 1351 1080 redemerunt,
1383 1028 1427 1065 et
1458 1026 1554 1077 quia
1586 1037 1663 1065 nos
1695 1026 1830 1066 villam
1863 1030 2049 1067 nostram

197 1096 403 1148 Crsypaw
443 1097 606 1136 nomine
644 1107 734 1136 cum
775 1098 927 1151 uiginti
967 1097 1102 1136 laneis
1151 1095 1334 1147 syluosis
1380 1094 1433 1134 ad
1479 1098 1658 1135 castrum
1707 1099 1890 1135 nostrum
1930 1095 2046 1137 Grez

192 1166 496 1217 pertinentibus
523 1165 679 1205 eisdem
704 1167 859 1206 nostris
890 1166 1052 1206 ciuibus
1077 1165 1318 1204 donauimus
1344 1164 1434 1203 iure
1458 1162 1714 1203 hereditario
1738 1163 2047 1218 possidendam,

193 1235 302 1275 sieut
333 1235 553 1287 utrobique
587 1245 662 1286 per
695 1235 964 1274 instrumenta
997 1245 1125 1285 super
1167 1233 1355 1285 predicta
1388 1232 1485 1272 uilla
1524 1234 1567 1271 et
1598 1243 1727 1283 super
1758 1231 1879 1272 dictis
1911 1232 2048 1272 laneis

192 1303 256 1342 eis
290 1303 386 1343 data
419 1303 486 1342 uel
519 1303 626 1343 datis
658 1306 852 1354 poterunt
884 1303 1100 1342 attestari:
1133 1302 1224 1342 Nos
1257 1305 1465 1353 postremo
1498 1301 1627 1352 ipsam
1659 1301 1797 1340 uillam
1830 1299 2045 1352 Crsypaw

192 1382 284 1411 cum
324 1372 557 1425 sexaginta
598 1372 732 1410 laneis
775 1373 1035 1423 precepimus
1077 1371 1206 1410 certis
1245 1370 1364 1409 metis
1410 1372 1453 1408 et
1493 1370 1693 1422 terminis,
1740 1379 1822 1420 que
1867 1369 1936 1408 uel
1975 1367 2044 1420 qui

191 1441 347 1494 greniz
373 1439 636 1491 appellantur
659 1439 910 1493 vulgariter,
942 1439 1086 1490 procul
1111 1438 1233 1477 dubio
1260 1436 1514 1476 hereditario
1542 1437 1776 1491 designari.
1824 1437 1884 1476 Vt
1907 1440 2044 1476 autem

190 1508 426 1560 prescripte
465 1509 609 1562 gratie
658 1511 700 1547 et
738 1508 969 1561 gratiarum
1010 1506 1285 1560 prerogatiue
1331 1505 1662 1556 donationesque
1703 1508 1848 1544 nostre
1895 1505 2044 1544 nullius

187 1577 479 1616 immutationis
512 1579 554 1616 et
585 1576 866 1615 reuocationis
900 1575 1149 1629 grauamina
1187 1574 1384 1626 sentiant,
1423 1571 1501 1611 sed
1537 1573 1719 1625 uigeant
1757 1572 1909 1612 robore
1943 1583 2043 1623 per-

187 1648 315 1696 petue
354 1643 567 1698 firmitatis,
607 1656 684 1683 nos
726 1645 842 1695 ipsas
880 1643 1091 1682 conscribi
1131 1640 1318 1694 fecimus,
1360 1643 1402 1680 et
1442 1640 1494 1679 ad
1534 1639 1784 1680 euidentiam
1822 1640 2041 1680 clariorem

185 1714 329 1768 sigillo
361 1717 504 1753 nostro
539 1714 645 1752 hanc
677 1713 853 1752 litteram
887 1711 1148 1751 decreuimus
1180 1709 1432 1762 communiri,
1464 1709 1642 1747 testibus
1675 1708 1896 1761 adiunctis,
1929 1719 2036 1760 quo-

185 1793 273 1821 rum
312 1786 407 1822 sunt
447 1782 610 1821 nomina
658 1782 838 1833 scripta:
886 1781 1088 1820 Dominus
1134 1779 1333 1819 Zbislaus
1381 1777 1433 1817 de
1479 1777 1748 1830 BeliuslauiZ,
1797 1776 1947 1817 Woko
1988 1776 2042 1816 de

184 1850 376 1904 Schytin,
405 1851 643 1904 Bohuscho,
669 1849 953 1902 Marquardus
982 1848 1034 1887 de
1062 1848 1222 1900 Nasile,
1249 1846 1488 1899 Budislaus,
1516 1846 1677 1885 nobiles
1700 1849 1827 1885 terre.
1861 1843 2039 1898 Gerbot,

184 1918 426 1973 walterus,
459 1920 577 1959 ciues
603 1919 655 1959 de
677 1919 902 1970 LupscliiZ.
936 1916 1174 1969 Bartoldus,
1207 1914 1433 1967 Heroldus,
1466 1913 1691 1953 Bartoldus
1717 1913 1769 1952 de
1794 1913 2038 1966 Schenaue,

184 1987 302 2026 ciues
336 1988 388 2027 de
421 1987 751 2027 Vv'rcudenthal.
785 1988 995 2026 llenricus
1022 1985 1178 2038 Kusor,
1211 1984 1351 2035 iudex,
1383 1981 1597 2022 Arnoldus
1620 1981 1765 2021 Reseh
1798 1980 1850 2020 de
1878 1981 2038 2036 leger-

185 2054 298 2094 dorff.
362 2056 471 2096 Acta
504 2059 601 2095 sunt
633 2056 712 2095 hec
745 2067 854 2095 anno
888 2054 1035 2094 domini
1069 2053 1130 2094 M.
1164 2050 1254 2094 CC.
1288 2050 1515 2091 Lxxxx.

493 2132 776 2175 Apographum
800 2133 830 2164 in
855 2131 970 2164 codice
993 2130 1073 2163 MS.
1097 2130 1339 2172 privilegiorum
1364 2127 1652 2170 Opavicnsium
1676 2127 1706 2159 in
1729 2135 1862 2158 musco
1884 2124 2015 2160 ibidem.

987 2235 1227 2278 CCXCIV.

190 2309 477 2359 {huces-lans,
510 2322 593 2347 rem·
628 2311 826 2349 Boemz‘ae
857 2313 896 2349 et
924 2310 1115 2350 marchio
1140 2309 1375 2358 Nemetae,
1408 2306 1598 2346 cone-edic
1629 2304 1788 2345 civibus
1813 2303 2035 2345 Lilovien-

183 2377 299 2418 sibus
312 2377 555 2430 facultatem
573 2377 848 2417 haereditates
871 2392 896 2418 a
912 2378 1118 2418 nobilibus
1143 2376 1318 2427 emendi,
1335 2386 1498 2415 necnon
1522 2375 1797 2414 emanationem
1816 2382 2030 2423 ayrorum,

351 2446 486 2496 ecJus
519 2445 711 2484 milliare.
778 2448 847 2486 m,
882 2446 1104 2497 Olomuciae‘,
1138 2445 1216 2485 JV.
1251 2444 1473 2485 Kalendas
1506 2444 1668 2493 Marcii,
1709 2441 1860 2482 1291.

325 2517 436 2577 Nos
491 2535 800 2586 Wencezlans,
844 2536 908 2574 dei
958 2537 1108 2587 gracia
1159 2546 1236 2574 rex
1285 2535 1456 2574 Boemie
1503 2537 1543 2572 et
1592 2531 1774 2571 marchio
1824 2526 2029 2567 Morauio.

181 2605 329 2645 Notum
362 2603 533 2644 facimus
565 2604 774 2644 uniuersis
816 2610 1037 2654 presentes
1071 2605 1215 2644 literas
1256 2603 1522 2654 inspecturis,
1562 2605 1640 2639 tam
1674 2597 1869 2650 posteris,
1910 2606 2026 2647 quam
