2138 2845
1022 168 1127 208 256

136 313 296 353 domino
328 311 503 365 Thoma,
537 310 604 351 dei
637 311 792 365 gracia
834 312 1048 364 episcopo,
1081 320 1211 360 super
1243 308 1430 360 dampnis
1469 320 1606 349 rerum
1647 313 1690 351 et
1721 322 1995 362 personarum

136 394 187 421 ac
222 382 381 420 iniuriis
421 392 496 431 per
529 380 740 431 predictos
782 380 1079 430 Lyuanienses
1113 378 1165 418 de
1198 381 1339 417 castro
1372 376 1597 417 Edelstain
1636 379 1677 418 in
1708 380 1920 431 Nyssensi
1955 382 1997 420 et

137 449 532 490 Otliomochouiensi
567 449 789 488 territoriis
823 447 1088 487 concordiam
1122 447 1342 499 ordinauit,
1375 457 1493 498 quam
1528 450 1570 486 ut
1602 447 1919 503 insinuaremus,
1953 452 1995 488 et

135 519 291 558 nostris
330 518 479 557 litteris
521 518 662 571 sigillo
697 521 838 556 nostro
879 517 1041 555 munitis
1082 517 1454 569 innotesceremus,
1496 516 1711 567 utriusque
1753 518 1881 568 partis
1923 516 1998 557 fuit

134 587 329 627 voluntas
362 586 565 625 unanimis
599 590 640 625 et
673 596 920 624 consensus.
959 585 1050 623 Nos
1083 594 1187 624 vero
1221 585 1351 635 ipsius
1377 585 1700 638 compositionis,
1724 585 1997 625 ordinationis

134 656 226 695 siue
266 654 518 694 diffinitionis
558 657 744 693 tenorem
787 654 943 692 nostris
983 653 1151 704 scriptis
1193 653 1386 692 inserere
1426 653 1628 707 volumus,
1670 654 1737 704 qui
1777 654 1871 693 talis
1909 656 1998 693 est:

135 724 211 775 (In
235 724 401 762 nomine
426 722 584 761 domini
611 734 744 761 amen.
784 722 895 771 Quia
919 723 1122 761 memoria
1149 724 1222 760 etc.
1256 722 1406 761 Actum
1431 724 1469 760 et
1494 721 1634 761 datam
1659 722 1799 773 Nisse,
1825 721 1998 761 sabatho

134 795 229 831 (mle
260 792 488 830 natiuitatis
520 793 663 829 sanem
701 791 844 830 Marte
875 791 1071 841 viminis,
1111 801 1222 829 anno
1262 789 1608 831 MCCLXXXJ.
1655 790 1760 831 Vide
1796 802 1837 829 n.
1869 801 2001 842 prae-

135 860 380 909 cedenlem.]
424 859 516 898 Nos
551 860 695 913 igitur,
730 860 797 911 qui
831 859 941 898 bona
974 860 1094 910 pacis
1127 862 1170 898 et
1203 858 1428 898 concordie
1453 859 1666 913 diligimus
1699 864 1741 899 et
1765 859 1999 914 dirigimus,

135 932 326 980 quantum
362 928 562 979 possibile
604 932 681 982 est,
715 929 893 968 maxime
934 932 977 968 ut
1010 928 1195 968 ecclesia
1234 927 1583 967 Vratislauiensis
1624 929 1664 967 in
1706 929 1795 967 suis
1836 928 1996 967 iuribus

134 997 188 1037 de
221 1001 364 1037 cetero
405 1009 488 1036 non
520 997 698 1051 ledatur,
739 1001 781 1037 et
813 997 1103 1037 dissensiones
1136 998 1250 1048 prius
1289 997 1431 1036 habite
1464 997 1693 1050 sopiantur,
1722 996 2000 1036 concordiam

135 1067 267 1118 ipsam
300 1069 447 1106 tenore
473 1067 726 1117 presentium
760 1066 1035 1121 declaramus,
1068 1069 1190 1119 utet,
1225 1066 1293 1118 qui
1318 1077 1427 1105 nunc
1460 1069 1568 1119 sunt,
1595 1066 1724 1116 ipsam
1758 1077 1839 1104 non
1869 1066 1999 1118 igno-

135 1139 243 1188 rent,
277 1139 317 1174 et
350 1135 402 1174 sit
435 1136 476 1173 in
509 1136 704 1174 memoria
740 1139 1010 1186 posterorum.
1074 1136 1122 1174 In
1162 1136 1281 1174 cuius
1314 1136 1376 1174 rei
1419 1134 1547 1173 robur
1581 1137 1805 1185 presentes
1837 1133 2000 1173 litteras

136 1204 264 1257 sigilli
299 1204 429 1243 nostri
465 1204 680 1242 munimine
714 1204 905 1243 duximus
939 1204 1215 1243 roborandas.
1255 1203 1406 1242 Datum
1438 1203 1568 1242 Nisse
1601 1201 1708 1242 feria
1731 1203 1872 1254 quinta
1905 1203 2000 1253 post

135 1272 367 1311 natiuitatis
401 1276 548 1311 sancte
581 1272 736 1312 Marie.
793 1273 918 1311 Anno
952 1272 1101 1311 domini
1134 1272 1357 1311 Millesimo
1391 1272 1674 1311 ducentesimo
1707 1272 2001 1325 octuagesimo

137 1341 280 1393 primo,
330 1340 597 1390 presentibus
646 1340 840 1380 dominis:
889 1339 935 1381 S.
985 1341 1211 1393 preposito,
1261 1341 1312 1379 Α.
1362 1340 1674 1393 archidiacono,
1722 1340 1775 1379 N.
1824 1338 2001 1378 custode

137 1408 481 1461 Vratislauiensi,
515 1409 734 1447 Bel-nardo
761 1408 971 1459 preposito
995 1409 1234 1463 Mysnensi,
1268 1409 1453 1447 llenrico
1487 1408 1540 1446 de
1568 1408 1747 1461 Habold,
1782 1405 2000 1458 Chynrin-

137 1478 280 1531 gerio,
312 1477 517 1530 laroslao,
541 1476 791 1530 Budyvoyo,
825 1477 878 1516 de
910 1475 1030 1518 Cone
1056 1474 1226 1531 Cemca,
1259 1477 1450 1516 militibus
1476 1477 1631 1517 nostris
1665 1480 1707 1517 et
1729 1476 1821 1516 aliis
1853 1476 1998 1516 multis.

448 1575 502 1606 Ex
526 1574 666 1606 eadem
690 1576 1025 1607 confirmatione.

995 1741 1151 1783 CXCI.

139 1843 357 1896 C'ruciferi
389 1843 592 1883 ecclesiae
623 1856 657 1883 8.
691 1844 876 1884 ‚loannis
908 1846 1086 1885 Brunae
1118 1845 1285 1885 domum
1318 1858 1344 1884 a
1376 1845 1545 1884 domina
1579 1843 1724 1885 Geisla
1757 1842 2001 1885 Smidlinna

199 1914 456 1964 resifflealam
496 1916 535 1952 el
565 1912 648 1952 duo
677 1915 868 1965 pomeria
907 1914 1057 1953 ibidem
1091 1914 1222 1953 eidem
1264 1913 1339 1952 sub
1379 1925 1508 1952 censu
1545 1913 1720 1952 elocant.
1784 1914 1943 1952 Datum

679 1981 778 2021 ΧΓ.
811 1982 1036 2022 Kalendas
1071 1981 1278 2033 Octobris-9
1320 1981 1471 2022 1281.

293 2072 519 2133 Cruciseri
553 2093 738 2132 ecclesie
779 2105 813 2132 s.
846 2092 1047 2132 Iohannis
1087 2093 1279 2144 Bramze,
1322 2093 1508 2133 omnibus
1542 2095 1781 2144 presentem
1821 2092 1997 2131 litteram

143 2160 408 2213 inspecturis,
430 2161 602 2200 salutem
623 2163 662 2200 in
681 2173 731 2201 eo
752 2163 818 2214 qui
839 2166 904 2201 est
925 2162 1039 2201 salus
1056 2163 1229 2201 omnium
1247 2162 1553 2202 saluandoruin.
1588 2162 1694 2211 Quia
1714 2173 1786 2212 pro
1806 2160 2003 2211 qualitate

141 2232 365 2278 temporum
401 2230 574 2282 agenda
609 2230 810 2270 hominum
837 2231 1123 2284 disponuntur,
1158 2231 1251 2271 ideo
1278 2232 1430 2285 euenit,
1465 2231 1572 2282 quod
1597 2230 1867 2270 mutabilitate
1894 2229 2002 2268 illius

143 2298 275 2336 omnia
311 2303 607 2352 permutantur,
648 2301 727 2338 nisi
761 2301 900 2339 viuaci
942 2301 1175 2340 testimonio
1210 2301 1458 2340 roborentur
1491 2301 1730 2340 litterarum.
1794 2298 1902 2337 Hinc
1936 2300 2003 2336 est

143 2366 252 2417 quod
302 2366 476 2416 quedam
526 2367 687 2407 domina
736 2369 915 2407 Brumae
963 2381 1129 2408 morans
1179 2369 1343 2408 nomine
1395 2368 1541 2410 Geisla
1588 2367 1828 2417 metelliana,
1877 2365 1998 2405 nobis

143 2435 311 2475 soluere
346 2438 522 2473 tenetur.
557 2436 663 2475 xlx
697 2449 873 2490 marCaS,
907 2439 1039 2477 minus
1073 2450 1154 2477 uno
1187 2438 1298 2477 lotto.
1344 2438 1433 2477 Nos
1467 2438 1561 2477 liuic
1595 2436 1754 2476 domine
1787 2432 2002 2473 conliden-

145 2504 248 2541 ciam
283 2516 362 2542 non
397 2502 644 2542 adhibentes
686 2505 738 2542 ab
774 2516 823 2543 ea
858 2505 1080 2545 certificari
1124 2507 1325 2546 voluimus
1360 2506 1496 2546 vadio.
1545 2506 1636 2544 llec
1672 2502 1816 2543 Geisla
1849 2503 2003 2542 serium

146 2577 289 2610 nostre
323 2571 546 2611 diffidentie
580 2574 863 2626 conspiciens,
897 2574 1063 2614 domum
1095 2576 1306 2626 quandam
1338 2577 1381 2614 in
1414 2576 1592 2625 ciuitate,
1625 2576 1667 2613 et
1699 2572 1782 2612 duo
1811 2572 2001 2623 pomeria
