2138 2845
974 173 1077 213 213

95 324 243 361 sancte
283 320 477 359 trinitatis
517 319 556 357 in
597 318 766 356 olomuc
806 316 1100 354 consueuimus
1142 313 1364 352 celebrare
1407 312 1473 350 die
1513 316 1649 350 tamen
1690 324 1770 350 non
1805 309 1952 348 feriato

93 390 307 429 terminum
340 388 653 441 assignauimus
687 385 737 424 ad
773 388 954 423 nostram
989 383 1247 434 presenciam
1282 380 1495 433 veniendi,
1537 381 1591 418 ita
1624 384 1667 418 ut
1701 390 1952 430 vnaqueque

95 459 279 509 parcium
320 458 612 508 premissarum
653 454 703 493 ad
737 454 948 493 terminum
991 452 1177 502 proxime
1217 450 1458 500 premissum
1499 459 1589 486 cum
1623 447 1953 499 probationibus,

95 527 390 577 instrumentis,
416 530 457 563 et
483 523 733 575 quibuslibet
762 522 855 561 aliis
880 520 1137 560 munimentis
1163 518 1310 569 quibus
1337 518 1388 556 (le
1416 529 1491 555 sua
1522 517 1748 554 intentione
1773 515 1953 566 probare

97 598 242 646 posset
275 595 314 632 in
348 595 436 632 iure
472 596 714 642 patronatus
748 590 931 629 ecclesie
966 591 1197 640 prenotate,
1231 598 1282 625 eo
1316 586 1421 638 quod
1458 586 1519 624 eis
1553 587 1736 635 receptis
1778 587 1819 622 et
1859 583 1954 621 dili-

97 666 256 717 genter
303 663 503 712 inspectis
551 660 770 698 summaria
819 658 1020 709 premissa
1068 656 1313 709 cognitione
1369 658 1413 693 vt
1462 654 1632 705 partium
1682 662 1953 702 parceremus

96 730 312 770 laboribus
352 733 394 769 et
434 729 650 780 expensis,
691 732 731 767 et
774 738 826 766 ne
866 726 1035 765 vacanti
1068 725 1252 764 ecclesie
1294 724 1475 774 pastoris
1518 734 1619 760 cura
1658 721 1727 760 diu
1767 721 1954 773 deesset,

97 798 388 850 indicaremus,
421 807 501 848 que
531 797 701 846 partium
736 796 870 846 potior
894 798 1010 833 esset
1042 794 1081 832 in
1116 794 1205 831 iure
1236 795 1479 842 patronatus
1513 790 1698 829 ecclesie
1723 789 1955 842 sepedicte,

97 865 309 905 ordinaria
335 868 554 915 potestate.
587 864 703 905 Sane
729 864 915 914 partibus
942 862 1154 913 premissis
1174 861 1241 900 die
1265 865 1306 900 et
1329 861 1420 899 loco
1445 871 1583 898 coram
1611 858 1730 898 nobis
1750 858 1955 912 legittime

97 934 433 984 comparentibus
467 933 587 972 nobis
621 933 791 972 easdem
825 936 921 971 ante
948 932 1081 970 omnia
1115 929 1377 968 concordiam
1404 928 1688 979 inuitantibus,
1722 931 1764 966 et
1790 927 1956 966 tandem

95 1003 231 1042 multis
272 1013 347 1053 pro
390 1002 563 1053 partium
605 1002 694 1040 iure
737 1001 938 1053 allegatis
986 1000 1024 1038 in
1066 1010 1141 1037 nos
1182 998 1316 1036 extitit
1363 997 1710 1046 compromissum.
1775 995 1954 1034 Domino

97 1070 320 1111 Gerhardo
353 1070 406 1109 de
433 1070 622 1109 Obersas
656 1070 934 1120 personaliter
959 1070 1156 1119 presente
1189 1070 1230 1105 et
1258 1066 1563 1104 consentiente.
1597 1064 1773 1102 Domino
1801 1063 1955 1102 Iacobo

97 1140 310 1191 preposito
343 1139 396 1178 de
430 1139 704 1178 'rhusnawitz
744 1149 874 1188 super
907 1137 985 1175 hoc
1026 1135 1255 1175 mandatum
1290 1134 1472 1172 habente
1512 1132 1707 1171 Elizabet
1739 1132 1956 1170 abbatisse

98 1211 141 1247 et
172 1212 404 1246 conuentus
436 1210 636 1257 presente
680 1209 722 1245 et
753 1207 1058 1256 consentiente,
1091 1203 1252 1242 domino
1287 1202 1474 1241 Iohanne
1514 1213 1537 1239 a
1572 1201 1732 1239 domino
1767 1200 1957 1239 Iohanne

96 1275 251 1315 abbate
282 1275 461 1315 Sarensi
496 1277 740 1324 presentato
774 1277 916 1312 nostro
942 1273 1101 1312 notario
1136 1282 1193 1310 ex
1226 1271 1315 1309 iure
1345 1270 1669 1321 presentationis
1703 1269 1780 1307 sibi
1816 1268 1956 1306 debito

97 1346 297 1395 presente
330 1347 372 1382 et
403 1343 708 1395 consentiente,
741 1339 815 1380 suit
848 1341 1181 1391 compromissum
1216 1339 1292 1378 sub
1327 1339 1405 1378 hac
1439 1337 1580 1391 forma,
1614 1341 1659 1376 vt
1692 1349 1767 1376 nos
1796 1337 1959 1376 duabus

97 1412 291 1463 personis
323 1411 444 1450 nobis
484 1411 633 1449 iunctis
668 1411 840 1461 partium
882 1410 1150 1460 probationes
1184 1418 1465 1460 quascumque
1507 1407 1741 1458 producere
1787 1407 1956 1460 vellent,

97 1480 395 1532 reciperemus,
429 1482 470 1518 et
503 1480 565 1518 eis
599 1480 782 1529 receptis
816 1482 858 1517 et
890 1479 1138 1517 examinatis
1173 1490 1246 1528 pro
1281 1488 1331 1516 ea
1367 1480 1485 1527 parte
1518 1488 1638 1527 quam
1673 1477 1880 1526 pociorem
1916 1477 1956 1515 in

97 1549 188 1589 iure
227 1549 522 1600 reperiremus,
562 1547 779 1586 summaria
822 1548 1068 1600 cognitione
1117 1548 1321 1596 premissa
1367 1557 1441 1596 pro
1491 1556 1540 1583 ea
1586 1549 1704 1595 parte
1746 1542 1958 1582 diffinitiue

98 1617 466 1670 pronunciaremus
506 1615 718 1654 ordinaria
751 1626 828 1654 seu
861 1615 1082 1654 arbitraria
1122 1618 1330 1665 potestate
1363 1614 1456 1652 aliis
1496 1613 1682 1663 partibus
1716 1616 1958 1662 perpetuum

95 1685 301 1726 silentium
348 1683 609 1735 imponendo.
672 1683 832 1733 Nempe
880 1683 976 1734 quia
1024 1683 1157 1721 nostri
1207 1680 1328 1721 officii
1375 1692 1477 1720 esse
1525 1680 1651 1720 debet
1702 1679 1957 1719 subditorum

96 1754 338 1808 inuigilare,
378 1753 504 1804 quieti
553 1756 594 1791 et
633 1752 808 1791 maxime
850 1751 1145 1805 religiosorum
1196 1762 1301 1801 quos
1350 1762 1375 1788 a
1423 1749 1668 1799 strepitibus
1716 1747 1957 1787 iudiciorum

97 1823 300 1861 canonica
334 1821 498 1873 equitas
527 1821 703 1871 precipit
735 1830 834 1859 esse
860 1820 1022 1871 quietos
1049 1820 1289 1870 premissum
1324 1818 1483 1857 laudum
1518 1829 1594 1855 seu
1622 1817 1958 1867 compromissum

98 1890 139 1929 in
162 1901 238 1929 nos
256 1891 490 1940 recepimus
510 1889 719 1928 ordinaria
746 1888 1032 1927 nichilominus
1057 1888 1177 1926 nobis
1195 1892 1402 1938 potestate
1426 1887 1465 1924 in
1491 1886 1704 1936 premissis
1723 1888 1957 1923 reseruata.

100 1958 164 1998 Ob
197 1958 238 1997 id
271 1959 308 1998 si
340 1957 447 1998 forte
476 1958 698 1998 arbitraria
732 1958 974 2009 premissum
1003 1958 1217 2010 negotium
1251 1967 1331 1994 non
1359 1955 1562 2005 potuisset
1595 1954 1736 1992 sortiri
1771 1952 1958 1991 effectum

99 2025 177 2065 sed
216 2027 311 2077 quia
350 2026 443 2065 lites
484 2038 566 2065 non
610 2026 733 2065 decet
772 2037 873 2064 esse
912 2026 1166 2078 inmortales,
1207 2024 1300 2063 ideo
1341 2024 1500 2062 domino
1541 2023 1710 2062 Allexio
1745 2023 1957 2072 preposito

101 2093 366 2134 olomucensi
407 2098 450 2133 et
489 2096 693 2148 magistro
736 2094 922 2133 Iohanne
963 2094 1015 2132 de
1055 2094 1233 2133 Mocren
1277 2093 1449 2131 doctore
1490 2092 1750 2130 decretorum
1785 2091 1957 2141 partium

100 2163 221 2201 etiam
263 2162 474 2202 uoluntate
515 2163 635 2202 nobis
676 2163 884 2213 deputatis
925 2162 1045 2201 nobis
1089 2162 1310 2213 adiunctis,
1351 2160 1539 2211 partibus
1581 2159 1631 2198 ad
1677 2159 1957 2198 exhibendum

100 2242 239 2270 coram
287 2230 408 2269 nobis
456 2242 585 2281 super
631 2232 721 2270 iure
764 2235 1007 2281 patronatus
1055 2231 1131 2268 iam
1180 2230 1385 2280 premisse
1429 2229 1612 2267 ecclesie
1654 2229 1693 2266 in
1743 2227 1957 2266 Hanrichs

99 2300 312 2341 terminum
353 2300 667 2353 assignauimus
709 2300 1040 2351 peremptorium,
1082 2299 1212 2339 locum
1253 2303 1294 2337 et
1335 2298 1438 2337 diem
1481 2299 1542 2336 eis
1583 2297 1875 2349 assignantes,
1918 2296 1957 2333 in

100 2378 180 2419 quo
228 2369 400 2418 partium
451 2368 762 2418 probationibus
811 2368 1068 2406 munimentis
1117 2372 1158 2406 et
1207 2368 1486 2406 instrumentis
1536 2377 1616 2416 que
1657 2377 1794 2403 coram
1839 2363 1957 2401 nobis

101 2447 344 2487 comparere
377 2437 596 2475 uoluerunt
621 2436 791 2475 aliorum
820 2436 1077 2474 contumacia
1108 2447 1189 2474 non
1214 2436 1408 2474 obstante
1434 2435 1631 2485 receptis,
1660 2437 1701 2471 et
1729 2432 1957 2484 diligenter

101 2505 365 2557 examinatis,
399 2504 621 2543 ecclesiam
644 2504 1033 2544 Thusnauicensem
1065 2505 1157 2542 siue
1185 2504 1332 2542 dictam
1367 2503 1619 2542 abbatissam
1646 2505 1687 2539 et
1711 2503 1956 2538 conuentum

102 2573 286 2613 eiusdem
335 2584 392 2612 ex
439 2573 675 2627 priuilegiis
724 2584 801 2612 seu
849 2572 1073 2612 donatione
1119 2572 1491 2612 Serenissimorum
1543 2572 1708 2623 Regum
1759 2566 1955 2606 Bohemie
