2138 2845
1019 164 1117 206 187

143 308 457 349 olumucenses.
483 306 735 347 erzlaus.
755 306 971 361 Lupellus7
996 307 1227 358 Rynoldus.
1252 306 1475 346 Iohannes.
1498 306 1740 345 Balduinus.
1766 306 1998 346 'rhechon-

143 379 246 417 cius.
279 376 527 428 XVyzundo.
554 376 737 415 eiusdem
772 376 955 415 ecclesie
981 376 1140 414 vicarii.
1165 374 1357 426 Hyncho.
1392 374 1641 413 Pribizlaus.
1669 375 1848 415 olricus.
1882 375 1998 425 Tyr-

142 447 326 486 wardus.
361 444 505 496 Cyues
531 445 661 484 eciam
694 444 878 483 eiusdem
905 445 1098 483 ciuitatis.
1131 444 1354 494 Martynus
1382 442 1568 482 officialis
1595 443 1742 483 domini
1767 444 1994 483 burcrauii.

144 519 186 554 et
218 515 287 553 alii
321 525 439 565 quam
479 513 632 564 plures;
696 513 743 552 In
783 513 903 552 cuius
935 514 997 551 rei
1031 513 1262 551 memoriam
1304 516 1540 563 presentem
1581 513 1792 566 paginam.
1837 512 1996 566 sigillo.

142 583 310 633 capituli
344 583 485 620 nostri.
519 586 561 620 et
592 582 747 620 nostris
781 582 972 620 iussimus
1005 581 1254 620 communiri.
1306 581 1416 620 Acta
1449 584 1543 619 sunt
1577 580 1656 619 hec
1690 584 1838 620 autem.
1871 581 1996 620 Anno

144 650 305 690 domini.
340 650 399 689 M.
434 647 522 690 CC.
556 649 694 688 Lxx.
730 649 804 688 VI.

453 756 506 787 Ex
531 756 726 796 originali
749 757 778 786 in
803 756 893 788 arch.
918 757 1087 797 capituli
1112 755 1409 788 olomucensis.
1433 774 1476 779 —
1505 755 1803 797 Apographum
1826 757 1857 787 in
1881 755 1997 788 codice

557 805 818 838 olomucensi
843 808 869 839 1.
894 807 997 839 chart.
1022 817 1097 849 pag.
1122 805 1184 839 69.
1210 811 1243 838 et
1267 807 1562 840 Cremsirieusi
1588 818 1618 839 n.
1644 804 1731 838 126.

952 973 1202 1014 CXXXVI.

142 1083 314 1134 Brimo,
360 1084 582 1136 episcopus
632 1084 945 1134 olomucensis,
992 1084 1212 1136 confirma!
1257 1084 1567 1122 conventionem
1615 1084 1721 1122 inter
1768 1084 1996 1136 capitulum

141 1151 462 1191 Boleslaviense
493 1155 531 1191 et
560 1154 858 1191 monasterium
893 1153 1166 1191 Kaunicense
1199 1151 1250 1190 de
1282 1151 1469 1190 denariis
1503 1151 1787 1191 decimalibus.
1842 1153 1998 1191 Datum

573 1219 809 1270 Cremsirii,
843 1220 929 1258 III.
964 1220 1111 1258 Nonas
1144 1220 1361 1270 danuam,
1402 1218 1553 1260 1277.

286 1310 399 1371 Nos
431 1330 588 1381 Bruno7
623 1328 689 1367 dei
722 1329 873 1382 gracia
915 1329 1099 1368 ecclesie
1140 1329 1429 1369 olomucensis
1470 1331 1708 1381 episcopus.
1772 1330 1999 1370 Vniuersis

140 1394 296 1438 Christi
329 1395 533 1450 fidelibus,
574 1396 625 1435 ad
660 1408 764 1447 quos
797 1408 976 1448 presens
1017 1399 1212 1448 scriptum
1249 1400 1502 1452 peruenerit,
1543 1399 1716 1438 salutem
1750 1400 1790 1438 in
1825 1399 2000 1438 domino.

141 1463 247 1514 Quia
297 1477 353 1504 ex
393 1466 561 1504 iniuncti
611 1466 730 1505 nobis
772 1464 891 1505 officii
937 1477 1037 1506 cura
1078 1467 1280 1506 honestas
1328 1471 1370 1506 et
1417 1467 1649 1518 approbate
1689 1468 2003 1507 consuetudinis

140 1534 439 1588 ordinationes,
473 1545 554 1586 que
586 1535 626 1573 in
660 1533 834 1573 fidelium
869 1532 1026 1574 Christi
1062 1535 1276 1574 vtilitatem
1308 1540 1520 1590 crescunt,
1553 1537 1606 1575 ad
1642 1537 1863 1586 petentium
1897 1541 1996 1575 vota

139 1603 316 1642 sollicite
355 1603 556 1642 debemus
603 1613 784 1641 assensu
824 1600 1043 1641 fauorabili
1092 1603 1300 1642 stabilire:
1349 1605 1562 1643 vniuersis
1611 1603 1770 1644 Christi
1811 1603 2003 1643 fidelibus

138 1674 218 1711 tam
239 1672 504 1722 presentibus
527 1683 646 1722 quam
671 1669 817 1710 futuris
835 1676 970 1710 notum
990 1681 1089 1709 esse
1114 1672 1299 1710 volumus
1321 1672 1574 1711 intuentibus
1596 1684 1775 1723 presens
1794 1674 2005 1726 scriptum⁷

141 1741 248 1792 quod
283 1740 582 1779 ordinationem
614 1740 721 1778 inter
754 1739 939 1779 dominos
969 1742 1211 1794 canonicos7
1245 1741 1424 1779 Pardum
1454 1743 1719 1794 prepositum,
1752 1740 2002 1780 Wseslaum

139 1808 357 1862 decanum,
378 1808 682 1847 Theodoricum
702 1808 980 1861 scolasticuim
1000 1812 1206 1859 totumque
1226 1810 1445 1859 capitulum
1466 1810 1802 1848 Bole.s·laniensis
1819 1810 2002 1848 ecclesie

140 1887 196 1916 ex
231 1889 311 1916 vna
337 1882 469 1929 parte,
503 1881 545 1916 et
570 1878 700 1916 virum
735 1878 997 1931 religiosum7
1031 1878 1230 1916 dominum
1257 1878 1488 1931 Nicolaum,
1524 1878 1803 1917 Clmnicensis
1837 1879 2003 1917 cenobii

140 1946 426 1984 venerabilem
461 1946 714 1995 prepositum
756 1957 811 1985 ex
844 1946 991 1997 altera7
1033 1957 1162 1996 super
1195 1946 1401 1984 solutione
1445 1946 1701 1985 decimalium
1735 1946 1999 1986 denariorum

140 2012 182 2051 in
224 2012 333 2051 XVI
374 2013 585 2064 ecclesiis7
634 2015 796 2053 situatis
845 2016 884 2053 in
931 2014 1183 2064 Snoymensi
1235 2015 1466 2066 prouincia,
1516 2014 1733 2053 honestam
1778 2019 1819 2053 et
1862 2015 1998 2054 vtilem

140 2084 400 2133 reputantes⁷
434 2082 562 2130 ipsam
589 2083 799 2131 presentis
823 2083 965 2132 scripti
996 2084 1108 2120 serie
1135 2082 1359 2121 solidamus
1384 2081 1668 2121 fauorabiliter
1696 2081 2002 2137 confirmantes,

141 2158 222 2199 que
255 2147 458 2186 ordinatio
492 2149 847 2200 subsequentibus
882 2150 1142 2188 declaratur:
1186 2151 1417 2202 (quqisler
1453 2151 1630 2190 Pardus
1660 2153 1899 2203 prepositus
1933 2155 2006 2192 etc.

141 2216 290 2256 Actum
307 2218 345 2254 et
360 2215 501 2255 datum
517 2217 774 2268 Boleslauie‚
799 2218 940 2268 1276,
967 2219 1009 2256 in
1027 2219 1173 2269 riyilia
1192 2218 1413 2270 epiphanie
1429 2219 1599 2258 domini.
1631 2219 1735 2259 Vide
1753 2231 1793 2258 n.
1817 2219 2003 2270 CXXI.)

140 2283 351 2324 Volentes
385 2296 494 2338 ergo
530 2290 789 2336 pretaxatam
823 2287 1125 2326 ordinationem
1160 2288 1198 2326 in
1233 2299 1308 2326 suo
1343 2289 1498 2342 vigore
1532 2299 1794 2342 permanere,
1828 2290 2002 2328 maxime

139 2363 193 2392 ne
226 2353 374 2404 aliquis
398 2354 620 2404 scrupulus
654 2354 938 2408 ambiguitatis
967 2356 1007 2394 in
1035 2360 1244 2406 posterum
1274 2356 1514 2410 resultaret,
1542 2360 1781 2407 presentem
1805 2358 2003 2410 paginam

140 2421 349 2460 conscribi
385 2419 570 2474 fecimus„
615 2423 745 2476 sigilli
782 2423 910 2462 nostri
954 2424 1172 2462 munimine
1206 2424 1454 2463 roboratam.
1519 2425 1684 2463 Dantes
1717 2425 1930 2463 vniuersis
1963 2428 2005 2463 et

139 2489 322 2543 singulis
347 2490 537 2540 plebanis
563 2496 603 2529 et
631 2491 865 2530 rectoribus
892 2491 1165 2530 ecclesiarum
1192 2494 1485 2542 premissarum
1517 2494 1765 2532 auctoritate
1791 2493 2000 2531 ordinaria

138 2563 180 2602 in
202 2557 417 2612 mandatis,
443 2563 485 2598 ut
510 2559 678 2598 eosdem
704 2559 926 2599 decimales
958 2558 1120 2611 prefato
1146 2563 1356 2613 preposito
1394 2574 1469 2601 suo
1495 2567 1536 2601 et
1563 2563 1651 2601 suis
1677 2561 2001 2600 successoribus

1683 2627 1795 2668 24³*
