2138 2845
1069 182 1175 224 370

1020 321 1238 367 CCXCII.

201 424 407 465 Nic-olaus
436 434 549 475 papa
576 421 601 461 1
610 421 656 462 V.
689 421 885 474 episcopo
911 419 1130 471 Prayensz'
1159 415 1342 469 mandat,
1375 418 1420 456 ul
1444 427 1537 457 cum
1559 415 1764 457 Habardo
1796 417 1847 457 de
1870 406 2049 472 Zerogjn

204 495 242 531 et
271 491 553 542 Scholastica,
583 490 674 543 filia
707 489 889 529 Zdeslai
928 487 980 526 de
1011 486 1255 537 Sternbery,
1295 486 1340 524 in
1372 497 1502 524 causa
1540 485 1796 524 matrimonii
1827 485 2048 538 dispenset.

364 561 437 599 Dc.
470 558 584 611 apud
617 557 767 600 Urbem
806 557 1005 607 Veterem,
1039 555 1144 594 XII.
1177 552 1400 594 Kalendas
1432 552 1703 605 Septembris,
1742 552 1894 593 1290.

346 651 587 722 Nicolaus,
621 668 859 720 episcopus,
892 676 1042 705 seruus
1076 675 1292 704 seruorum
1333 663 1413 702 dei.
1476 663 1724 703 Venerabili
1757 661 1876 703 fratri
1909 692 1920 702 .
1953 692 1964 703 .
1996 692 2008 703 .

204 739 402 790 episcopo
451 736 666 791 Pragensi
705 736 879 775 salutem
921 737 962 774 et
1008 733 1274 784 apostolicam
1314 732 1659 772 benedictionem.
1721 732 1873 771 Petitio
1913 731 2054 771 dilecti

201 806 269 846 filii
303 807 453 846 nobilis
484 806 564 844 viri
604 803 790 844 Hebardi
832 803 885 842 de
927 802 1086 844 Sirotin
1128 804 1170 840 et
1202 801 1354 841 dilecte
1393 801 1435 840 in
1468 799 1636 841 Christo
1669 798 1748 840 filie
1780 800 1932 840 nobilis
1963 812 2054 840 mu-

201 876 318 915 lieris
344 874 595 927 Scolastice,
622 876 720 913 nate
753 872 956 923 quondam
977 871 1149 913 Sdeziai
1183 870 1234 910 (le
1252 869 1584 922 Sternenberch,
1610 872 1680 908 tue
1705 868 1902 922 diocesis,
1934 868 2055 908 nobis

203 944 390 984 exhibita
425 943 677 996 continebat,
711 941 819 993 quod
852 941 929 992 ipsi
953 940 1043 980 olim
1073 940 1229 993 ignari,
1262 938 1371 990 quod
1394 938 1531 989 aliqua
1561 940 1677 977 esset
1702 938 2054 991 consanguinitas

199 1013 308 1052 inter
340 1023 430 1065 eoS,
464 1023 544 1063 que
577 1011 871 1050 matrimonium
912 1008 1140 1060 impediret,
1181 1008 1345 1059 publice
1384 1008 1424 1046 in
1465 1006 1650 1045 ecclesie
1689 1004 1800 1044 facie
1841 1005 2052 1044 matrimo-

201 1081 310 1120 nium
343 1080 502 1119 insimul
529 1081 843 1131 contraxerunt,
871 1077 980 1116 nullo
1014 1087 1143 1127 super
1170 1076 1249 1115 hoc
1277 1074 1607 1128 contradicente„
1634 1074 1702 1113 vel
1729 1073 2054 1124 impedimentum

203 1148 370 1200 aliquod
411 1152 661 1202 opponente,
703 1158 753 1187 ac
793 1146 956 1186 tandem
999 1146 1107 1184 inter
1148 1156 1223 1183 eos
1264 1144 1423 1183 carnali
1463 1143 1613 1194 copula
1653 1143 1881 1182 subsecuta
1914 1141 2056 1193 plures

202 1215 307 1257 filios
340 1220 628 1269 procrearunt.
691 1216 851 1255 Verum
884 1215 980 1266 quia
1013 1213 1264 1265 postmodum
1303 1212 1355 1252 ad
1397 1223 1535 1252 eorum
1575 1211 1758 1251 notitiam
1791 1208 2056 1263 quorumdam

204 1286 441 1325 assertione
483 1285 689 1338 peruenit,
732 1284 839 1335 quod
888 1287 1036 1334 quarto
1079 1282 1462 1335 consanguinitatis
1510 1279 1651 1333 gradu
1699 1279 1779 1319 sibi
1825 1278 2056 1318 adinuicem

204 1355 393 1407 attinent,
427 1358 596 1405 propter
636 1353 743 1405 quod
783 1352 862 1403 ipsi
901 1361 1029 1401 super
1070 1350 1149 1389 hoc
1192 1349 1422 1400 apostolice
1464 1348 1579 1387 sedis
1621 1346 1946 1387 misericordiam
1979 1346 2055 1384 im-

204 1423 432 1476 plorarunt,
466 1426 507 1461 et
530 1424 792 1473 asserentes,
816 1418 925 1470 quod
958 1429 1014 1457 ex
1035 1418 1265 1456 huiusmodi
1288 1416 1526 1455 matrimonii
1559 1415 1844 1467 separatione,
1877 1414 1913 1452 si
1938 1411 2057 1452 fieret

204 1492 360 1545 grauia
394 1493 568 1540 possent
608 1489 762 1529 exinde
795 1486 996 1526 scandala
1035 1486 1256 1540 generari,
1298 1485 1417 1524 nobis
1457 1484 1662 1523 humiliter
1701 1483 2056 1533 supplicauerunt,

204 1562 250 1597 ut
297 1558 521 1609 prouidere
567 1558 669 1607 ipsis
718 1556 770 1595 de
819 1558 1049 1606 opportune
1105 1553 1431 1604 dispensationis
1478 1550 1682 1591 beneficio
1729 1550 2057 1590 misericorditer

209 1626 492 1680 dignaremur.
563 1626 653 1665 Nos
701 1625 846 1678 igitur,
896 1625 964 1675 qui
1009 1623 1183 1662 salutem
1231 1622 1439 1673 querimus
1484 1619 1743 1673 singulorum
1792 1622 1834 1658 et
1880 1618 2060 1658 libenter

207 1692 364 1735 Christi
399 1693 587 1734 fidelibus
621 1694 772 1745 quietis
805 1691 1014 1731 commoda
1055 1701 1341 1743 procuramus,
1381 1689 1573 1729 volentes
1614 1687 1813 1738 predictis
1845 1685 2059 1725 scandalis

206 1764 381 1803 obuiare
420 1775 471 1802 ac
513 1763 788 1814 predictorum
821 1760 1011 1801 lIebardi
1053 1764 1094 1799 et
1126 1759 1364 1801 Scolastice
1397 1758 1618 1796 animarum
1652 1755 1772 1795 saluti
1807 1757 1981 1805 paterna
2012 1753 2055 1793 in

206 1832 287 1872 hac
330 1836 450 1883 parte
491 1832 710 1885 diligentia
751 1831 973 1869 consulere
1016 1828 1297 1881 intendentes,
1339 1829 1546 1881 gerentes
1588 1834 1752 1875 quoque
1791 1821 1843 1860 de
1876 1822 2056 1860 circum-

208 1903 426 1953 spectione
473 1905 543 1941 tua
587 1900 772 1939 fiduciam
820 1900 859 1938 in
902 1898 1062 1937 domino
1113 1898 1350 1949 pleniorem,
1398 1892 1644 1934 fraternitati
1692 1894 1762 1930 tue
1805 1889 2058 1940 presentium

208 1970 456 2009 auctoritate
490 1970 767 2008 committimus
802 1971 842 2006 et
874 1966 1127 2018 mandamus,
1161 1969 1379 2017 quatenus,
1419 1963 1455 2002 si
1497 1972 1571 2012 per
1603 1960 1848 2013 diligentem
1880 1957 2057 2009 inquisi-

206 2037 358 2076 tionem
391 2048 519 2088 super
550 2037 628 2076 hoc
653 2040 742 2075 ate
771 2033 1002 2074 faciendam
1035 2034 1106 2072 tibi
1139 2033 1370 2072 constiterit
1403 2031 1455 2070 de
1488 2029 1717 2082 premissis,
1750 2037 1878 2078 super
1909 2025 2058 2078 quibus

207 2107 315 2143 tuam
349 2105 592 2144 intendimus
625 2104 922 2143 conscientiam
955 2112 1150 2154 onerare,
1183 2113 1272 2140 cum
1307 2098 1480 2151 prefatis
1504 2096 1706 2137 llebardo
1740 2099 1782 2136 et
1807 2093 2059 2146 scolastica,

209 2173 317 2223 quod
351 2173 662 2223 impendimcnto
688 2171 1069 2226 consanguinitatis
1104 2169 1335 2209 huiusmodi
1369 2179 1449 2207 non
1474 2167 1667 2206 obstante
1701 2165 1860 2216 possint
1883 2163 1923 2202 in
1947 2161 2058 2201 dicto

208 2242 460 2280 matrimonio
494 2242 604 2280 licite
639 2252 870 2293 remanere,
904 2240 1153 2279 auctoritate
1187 2242 1330 2277 nostra
1363 2237 1600 2287 dispenses,
1633 2234 1788 2285 prolem
1820 2233 2059 2281 susceptam

209 2314 252 2348 et
283 2309 587 2359 suscipiendam
622 2321 675 2348 cx
709 2311 770 2349 cis
804 2310 1029 2363 legitimam
1058 2307 1308 2347 nunciando.
1350 2306 1499 2344 Datum
1532 2302 1640 2353 apud
1663 2301 1817 2343 Urbem
1842 2300 2058 2352 Veterem,

211 2377 307 2418 ΧΠ.
340 2376 558 2417 Kalendas
591 2376 865 2426 Septembris.
898 2374 1169 2417 l’ontiticatus
1202 2374 1330 2414 nostri
1364 2384 1472 2412 anno
1505 2371 1640 2411 tertio.

521 2473 549 2505 E
575 2476 747 2514 regesto
772 2474 934 2506 literarum
960 2475 1118 2506 Nicolai
1144 2473 1201 2506 lv.
1226 2482 1276 2505 an.
1296 2472 1353 2504 lV.
1377 2472 1473 2513 epist.
1491 2468 1582 2502 348.
1602 2469 1631 2502 b.
1656 2468 1686 2500 in
1710 2466 1866 2499 tabulario
1886 2463 2053 2496 vaticano.
