2138 2845
993 211 1062 250 40

931 353 1121 392 xxxll.

97 453 334 506 Ilm-uibus,
375 455 638 494 camerarius
676 455 914 505 Merui-iae,
954 458 1089 494 ratam
1128 453 1250 494 habe-t
1285 454 1565 494 venditionem
1604 455 1790 496 eandem.
1852 458 1958 498 Acta

837 524 1029 575 Brunae,
1069 523 1219 563 1269.

271 615 331 675 In
371 635 533 673 nomine
575 633 737 673 domini.
778 635 926 673 Amen.
988 635 1078 673 Nos
1119 634 1337 674 Hartlibus
1378 636 1637 675 camerarius
1681 636 1878 676 Morauie
1917 640 1960 677 et

97 702 359 756 burgrauius
388 704 427 741 in
448 702 646 742 Eikorns.
695 703 895 742 Omnibus
928 702 1036 741 hanc
1060 703 1240 742 litteram
1273 704 1526 754 inspecturis
1553 704 1605 743 ad
1630 705 1693 743 rei
1725 706 1958 745 memoriam

97 772 401 821 sempiternam.
465 769 568 810 Cum
614 771 652 808 in
703 770 831 808 rebus
873 769 1062 808 humanis
1106 774 1226 821 prout
1274 773 1410 811 sacris
1454 773 1685 812 canonibus
1729 774 1959 813 sanccitum

96 840 319 889 reperitur.
353 850 545 876 summum
586 838 640 876 sit
679 838 827 877 bonum
867 837 1010 876 colere
1051 838 1253 877 iusticiam
1292 851 1342 878 ac
1382 841 1607 891 vnicuique
1649 853 1826 881 seruare
1866 843 1959 882 ivra

96 918 187 945 sua.
222 909 263 945 et
295 906 473 944 humane
515 904 609 944 fidei
644 906 698 944 nil
739 907 879 959 magis
912 917 1146 959 congruum
1179 907 1232 945 sit
1272 910 1314 945 et
1347 907 1575 947 honestum.
1609 921 1726 960 quam
1758 914 1801 949 ut
1834 913 1959 961 pacta

94 975 195 1013 inita
237 975 346 1012 inter
386 975 684 1013 contrahentes
725 975 1019 1013 inuiolabiliter
1061 975 1355 1013 obseruentur.
1418 975 1521 1014 Inde
1564 980 1629 1015 est
1670 978 1776 1028 quod
1821 982 1957 1017 notum

95 1053 196 1082 esse
229 1043 414 1081 uolumus
440 1044 704 1093 presencium
738 1043 1046 1093 inspectoribus
1082 1047 1124 1082 et
1156 1043 1415 1082 auditoribus
1450 1044 1674 1083 vniuersis.
1708 1045 1814 1095 quod
1849 1046 1959 1084 inter

98 1112 380 1150 venerabilem
416 1111 616 1149 dominam
650 1112 918 1150 Abbatissam
952 1116 995 1150 et
1027 1115 1275 1150 conuentum
1307 1112 1674 1151 sanctimonialium
1707 1113 1960 1153 Monasterii

97 1179 148 1219 de
185 1179 293 1219 Ozla
335 1178 637 1220 Cisterciensis
671 1180 827 1218 ordinis
868 1191 922 1219 ex
956 1185 1074 1230 parte
1116 1193 1211 1219 vna.
1245 1184 1286 1219 et
1323 1178 1492 1219 fratrem
1535 1184 1716 1220 nostrum
1757 1182 1959 1221 dominum

95 1247 284 1288 ›S'zerm'n
318 1259 374 1287 ex
409 1249 554 1287 altera.
597 1248 758 1299 quidam
793 1252 1034 1287 contractus
1076 1248 1128 1288 de
1161 1247 1272 1287 facto
1314 1249 1550 1288 interuenit.
1590 1261 1719 1301 super
1752 1252 1958 1301 emptione

97 1316 294 1355 videlicet
332 1317 428 1355 Vll.
468 1317 680 1355 laneorum
723 1322 764 1356 et
804 1318 925 1355 vnius
969 1317 1184 1356 curticule.
1227 1318 1368 1367 pratis.
1410 1319 1594 1367 pascuis.
1635 1324 1676 1357 et
1709 1319 1882 1358 rubetis.
1918 1320 1958 1359 in

94 1385 194 1424 villa
239 1396 320 1437 que
359 1390 536 1424 uocatur
577 1385 746 1425 Studia.
797 1397 870 1435 pro
919 1386 1147 1425 XXXHH.
1191 1386 1343 1424 marcis
1384 1387 1555 1439 argenti
1599 1397 1679 1438 que
1729 1389 1860 1426 omnia
1903 1387 1957 1427 ad

96 1454 225 1504 ipsum
260 1454 352 1492 ivre
385 1455 671 1493 successionis
705 1454 962 1493 hereditario
997 1467 1020 1493 a
1046 1455 1133 1493 suis
1169 1456 1512 1508 progenitoribus
1544 1456 1747 1495 translata
1781 1454 1959 1496 suerunt.

98 1526 140 1561 et
172 1523 212 1560 in
243 1522 476 1560 eorumdem
511 1523 782 1572 possessione
807 1523 939 1576 longo
973 1527 1158 1573 tempore
1186 1522 1260 1562 suit
1294 1523 1467 1574 pacifice
1500 1528 1542 1563 et
1569 1525 1721 1575 quiete.
1747 1525 1959 1564 recedens

96 1595 241 1629 nostro
277 1590 487 1629 dumtaxat
513 1603 723 1629 consensu
759 1595 800 1630 et
827 1590 969 1630 fratris
1003 1592 1132 1630 nostri
1162 1591 1310 1630 domini
1346 1593 1544 1631 Boliborii
1579 1593 1632 1632 ab
1660 1594 1766 1632 omni
1793 1594 1959 1633 actione

96 1663 138 1697 et
164 1659 256 1697 ivre
284 1659 390 1709 quod
421 1661 460 1697 in
488 1660 644 1698 eisdem
670 1660 789 1698 bonis
815 1660 1034 1699 uidebatur
1056 1660 1229 1699 habere.
1255 1660 1540 1699 nichilominus
1567 1665 1666 1712 aput
1689 1661 1960 1700 clarissimam

97 1727 138 1766 in
173 1727 332 1765 domino
367 1728 636 1767 Abbatissam
680 1733 721 1767 et
753 1728 964 1767 Moniales
1008 1727 1154 1778 prefati
1190 1729 1442 1768 Monasterii
1487 1730 1538 1768 de
1575 1730 1678 1770 Ozla
1718 1730 1884 1769 talionis
1917 1736 1960 1770 et

96 1796 335 1846 sponsionis
370 1796 534 1835 vinculo
569 1807 617 1835 se
651 1798 911 1850 astringens.
954 1797 1060 1848 quod
1103 1798 1137 1836 si
1173 1799 1211 1836 in
1245 1796 1420 1836 futurum
1455 1798 1506 1836 de
1541 1799 1660 1837 bonis
1694 1799 1850 1837 eisdem
1883 1810 1960 1850 per

98 1864 426 1915 qualemcunque
468 1865 572 1903 viam
614 1866 904 1903 controuersie
938 1866 1054 1915 ipsas
1088 1867 1318 1920 contigerit
1351 1867 1538 1918 inpediri.
1579 1865 1710 1906 frater
1742 1872 1886 1906 noster
1919 1868 1959 1906 in

99 1933 218 1971 bonis
252 1934 339 1970 suis
374 1933 677 1984 equipollentes
712 1933 898 1972 redditus
932 1934 983 1973 ad
1018 1946 1121 1973 vsus
1156 1935 1378 1974 earundem
1413 1937 1617 1974 restituet.
1661 1936 1795 1975 donec
1830 1936 1959 1986 partis

98 1999 281 2039 aduerse
322 2001 415 2040 lites
459 2013 534 2052 per
574 2003 705 2042 omnia
746 2002 1005 2041 decidantur.
1050 2003 1098 2041 ln
1132 2003 1249 2042 cuius
1283 2004 1343 2042 rei
1368 2005 1652 2042 testimonium.
1687 2003 1959 2044 euidenciam.

99 2070 329 2106 memoriam
379 2074 420 2108 et
461 2071 677 2109 cautelam.
721 2072 816 2122 quia
857 2069 989 2110 frater
1031 2075 1176 2110 noster
1217 2072 1359 2124 sigillo
1402 2073 1568 2123 proprio
1609 2073 1756 2111 caruit.
1799 2073 1959 2123 suppli-

99 2137 211 2175 cauit
244 2136 363 2175 nobis
398 2142 439 2176 ut
474 2150 652 2188 presens
685 2140 822 2178 littera
847 2140 978 2193 sigilli
1012 2141 1142 2179 nostri
1176 2141 1391 2179 munimine
1418 2142 1629 2191 reciperet
1655 2139 1958 2180 firmamentum.

98 2205 210 2244 Acta
251 2209 347 2243 sunt
386 2204 465 2243 bec
498 2207 538 2244 in
572 2207 756 2246 Brunna.
790 2220 898 2246 anno
934 2208 1080 2247 domini
1115 2209 1350 2248 Millesimo.
1391 2207 1479 2250 CC.
1521 2209 1603 2249 Lx
1642 2210 1777 2249 Nono.
1817 2221 1958 2249 coram

98 2273 278 2313 testibus
311 2273 556 2312 subnotatis.
615 2275 788 2314 Domino
823 2275 1041 2316 Cliunone.
1097 2278 1271 2317 Domino
1307 2278 1535 2317 anetone.
1595 2279 1767 2318 Domino
1800 2278 1957 2318 Belius.

102 2342 279 2381 Domino
314 2341 503 2391 Philippo
538 2342 589 2380 de
617 2343 860 2382 Medeloue.
893 2345 1068 2384 Matheo
1103 2346 1155 2384 de
1189 2345 1360 2386 Cobals.
1395 2347 1606 2386 Boliborio
1640 2345 1771 2386 fratre
1804 2349 1958 2386 nostro.

99 2410 228 2449 Petro
263 2409 313 2447 de
349 2409 639 2448 Otlisassowe.
679 2411 974 2450 Drosclielino.
1016 2414 1157 2452 Blasio
1194 2416 1435 2465 prouinciali
1470 2416 1711 2454 brunnensi.
1754 2414 1956 2455 Stizlawo

100 2483 141 2518 et
165 2479 347 2517 Ernesto
371 2476 569 2517 fratribus
595 2479 646 2517 de
665 2479 895 2518 Locliwan.
922 2485 962 2518 et
987 2481 1079 2520 aliis
1105 2493 1222 2533 quam
1249 2484 1432 2533 pluribus
1458 2488 1554 2523 tunc
1582 2483 1727 2522 ibidem
1754 2482 1955 2521 collectis.

410 2585 463 2617 Ex
488 2587 686 2628 originali
715 2585 748 2627 ej
761 2585 895 2618 usdvm
919 2589 1105 2618 monasterii
1131 2599 1200 2620 cum
1225 2590 1331 2631 sigillo
1357 2590 1493 2621 eodem
1519 2590 1644 2620 illaeso.
