<?xml version="1.0" encoding="UTF-8"?>
<!DOCTYPE html PUBLIC "-//W3C//DTD XHTML 1.0 Transitional//EN"
    "http://www.w3.org/TR/xhtml1/DTD/xhtml1-transitional.dtd">
<html xmlns="http://www.w3.org/1999/xhtml" xml:lang="en" lang="en">
 <head>
  <title>
</title>
<meta http-equiv="Content-Type" content="text/html;charset=utf-8" />
  <meta name='ocr-system' content='tesseract 3.04.00' />
  <meta name='ocr-capabilities' content='ocr_page ocr_carea ocr_par ocr_line ocrx_word'/>
</head>
<body>
  <div class='ocr_page' id='page_1' title='image "./codexdiplomaticu04morauoft_0336.png"; bbox 0 0 2138 2845; ppageno 0'>
   <div class='ocr_carea' id='block_1_1' title="bbox 1053 147 1259 207">
    <p class='ocr_par' dir='ltr' id='par_1_1' title="bbox 1053 147 1259 207">
     <span class='ocr_line' id='line_1_1' title="bbox 1053 147 1259 207; baseline 0 0"><span class='ocrx_word' id='word_1_1' title='bbox 1053 147 1259 207; x_wconf 37' lang='grc' dir='ltr'><em>’ΜΗ</em></span> 
     </span>
    </p>
   </div>
   <div class='ocr_carea' id='block_1_2' title="bbox 986 205 1060 208">
    <p class='ocr_par' dir='ltr' id='par_1_2' title="bbox 986 205 1060 208">
     <span class='ocr_line' id='line_1_2' title="bbox 986 205 1060 208; baseline 0 0"><span class='ocrx_word' id='word_1_2' title='bbox 986 205 1060 208; x_wconf 95' lang='lat' dir='ltr'><em> </em></span> 
     </span>
    </p>
   </div>
   <div class='ocr_carea' id='block_1_3' title="bbox 1063 206 1138 207">
    <p class='ocr_par' dir='ltr' id='par_1_3' title="bbox 1063 206 1138 207">
     <span class='ocr_line' id='line_1_3' title="bbox 1063 206 1138 207; baseline 0 0"><span class='ocrx_word' id='word_1_3' title='bbox 1063 206 1138 207; x_wconf 95' lang='lat' dir='ltr'><em> </em></span> 
     </span>
    </p>
   </div>
   <div class='ocr_carea' id='block_1_4' title="bbox 172 288 2042 2403">
    <p class='ocr_par' dir='ltr' id='par_1_4' title="bbox 172 288 2042 2403">
     <span class='ocr_line' id='line_1_4' title="bbox 176 288 2034 344; baseline 0 -11"><span class='ocrx_word' id='word_1_4' title='bbox 176 294 348 333; x_wconf 75' lang='lat' dir='ltr'><em>racione</em></span> <span class='ocrx_word' id='word_1_5' title='bbox 387 289 794 330; x_wconf 72' lang='lat' dir='ltr'><em>consuetudinalium</em></span> <span class='ocrx_word' id='word_1_6' title='bbox 827 288 1085 329; x_wconf 87' lang='lat' dir='ltr'><em>decimarum</em></span> <span class='ocrx_word' id='word_1_7' title='bbox 1126 291 1317 342; x_wconf 85' lang='lat' dir='ltr'><em>ipsarum</em></span> <span class='ocrx_word' id='word_1_8' title='bbox 1350 291 1549 330; x_wconf 66' lang='lat' dir='ltr'><em>villarum</em></span> <span class='ocrx_word' id='word_1_9' title='bbox 1587 292 1631 331; x_wconf 88' lang='lat' dir='ltr'><em>in</em></span> <span class='ocrx_word' id='word_1_10' title='bbox 1673 294 1840 344; x_wconf 71' lang='lat' dir='ltr'><em>siynum</em></span> <span class='ocrx_word' id='word_1_11' title='bbox 1880 304 2034 333; x_wconf 89' lang='lat' dir='ltr'><em>recon-</em></span> 
     </span>
     <span class='ocr_line' id='line_1_5' title="bbox 174 358 2038 415; baseline 0.001 -15"><span class='ocrx_word' id='word_1_12' title='bbox 174 361 446 415; x_wconf 65' lang='lat' dir='ltr'><em>pensat-ionis</em></span> <span class='ocrx_word' id='word_1_13' title='bbox 487 358 782 411; x_wconf 69' lang='lat' dir='ltr'><em>spectantibus,</em></span> <span class='ocrx_word' id='word_1_14' title='bbox 825 360 869 398; x_wconf 87' lang='lat' dir='ltr'><em>in</em></span> <span class='ocrx_word' id='word_1_15' title='bbox 906 362 1151 411; x_wconf 82' lang='lat' dir='ltr'><em>perpetuum</em></span> <span class='ocrx_word' id='word_1_16' title='bbox 1187 358 1408 410; x_wconf 82' lang='lat' dir='ltr'><em>possideat</em></span> <span class='ocrx_word' id='word_1_17' title='bbox 1443 362 1483 398; x_wconf 92' lang='lat' dir='ltr'><em>et</em></span> <span class='ocrx_word' id='word_1_18' title='bbox 1517 361 1697 411; x_wconf 85' lang='lat' dir='ltr'><em>recipiat</em></span> <span class='ocrx_word' id='word_1_19' title='bbox 1739 362 2038 401; x_wconf 83' lang='lat' dir='ltr'><em>monasterium</em></span> 
     </span>
     <span class='ocr_line' id='line_1_6' title="bbox 178 428 2038 481; baseline -0.001 -11"><span class='ocrx_word' id='word_1_20' title='bbox 178 431 460 481; x_wconf 76' lang='lat' dir='ltr'><em>Chunicense,</em></span> <span class='ocrx_word' id='word_1_21' title='bbox 495 430 605 468; x_wconf 84' lang='lat' dir='ltr'><em>sicut</em></span> <span class='ocrx_word' id='word_1_22' title='bbox 642 440 700 467; x_wconf 68' lang='lat' dir='ltr'><em>eat</em></span> <span class='ocrx_word' id='word_1_23' title='bbox 739 429 908 479; x_wconf 80' lang='lat' dir='ltr'><em>antiquo</em></span> <span class='ocrx_word' id='word_1_24' title='bbox 953 428 1073 466; x_wconf 84' lang='lat' dir='ltr'><em>cuius</em></span> <span class='ocrx_word' id='word_1_25' title='bbox 1113 439 1196 466; x_wconf 88' lang='lat' dir='ltr'><em>non</em></span> <span class='ocrx_word' id='word_1_26' title='bbox 1245 430 1386 466; x_wconf 63' lang='lat' dir='ltr'><em>erstat</em></span> <span class='ocrx_word' id='word_1_27' title='bbox 1431 429 1634 467; x_wconf 84' lang='lat' dir='ltr'><em>memoria</em></span> <span class='ocrx_word' id='word_1_28' title='bbox 1676 429 1793 480; x_wconf 87' lang='lat' dir='ltr'><em>ipsas</em></span> <span class='ocrx_word' id='word_1_29' title='bbox 1832 431 2038 469; x_wconf 86' lang='lat' dir='ltr'><em>asseritur</em></span> 
     </span>
     <span class='ocr_line' id='line_1_7' title="bbox 172 495 2039 552; baseline -0.002 -13"><span class='ocrx_word' id='word_1_30' title='bbox 172 499 430 552; x_wconf 71' lang='lat' dir='ltr'><em>possedisse,</em></span> <span class='ocrx_word' id='word_1_31' title='bbox 463 498 543 537; x_wconf 78' lang='lat' dir='ltr'><em>lioc</em></span> <span class='ocrx_word' id='word_1_32' title='bbox 567 497 742 548; x_wconf 85' lang='lat' dir='ltr'><em>adiecto,</em></span> <span class='ocrx_word' id='word_1_33' title='bbox 776 500 818 535; x_wconf 80' lang='lat' dir='ltr'><em>vt</em></span> <span class='ocrx_word' id='word_1_34' title='bbox 847 497 886 535; x_wconf 92' lang='lat' dir='ltr'><em>si</em></span> <span class='ocrx_word' id='word_1_35' title='bbox 910 495 1164 534; x_wconf 70' lang='lat' dir='ltr'><em>venerabilis</em></span> <span class='ocrx_word' id='word_1_36' title='bbox 1194 499 1313 548; x_wconf 86' lang='lat' dir='ltr'><em>pater</em></span> <span class='ocrx_word' id='word_1_37' title='bbox 1345 500 1487 536; x_wconf 87' lang='lat' dir='ltr'><em>noster</em></span> <span class='ocrx_word' id='word_1_38' title='bbox 1520 496 1714 536; x_wconf 88' lang='lat' dir='ltr'><em>dominus</em></span> <span class='ocrx_word' id='word_1_39' title='bbox 1750 496 2039 537; x_wconf 78' lang='lat' dir='ltr'><em>Theodericus</em></span> 
     </span>
     <span class='ocr_line' id='line_1_8' title="bbox 179 563 2040 619; baseline -0.002 -10"><span class='ocrx_word' id='word_1_40' title='bbox 179 568 473 609; x_wconf 76' lang='lat' dir='ltr'><em>olomucensis</em></span> <span class='ocrx_word' id='word_1_41' title='bbox 504 567 727 619; x_wconf 88' lang='lat' dir='ltr'><em>episcopus</em></span> <span class='ocrx_word' id='word_1_42' title='bbox 749 563 1094 617; x_wconf 74' lang='lat' dir='ltr'><em>parrochialibus</em></span> <span class='ocrx_word' id='word_1_43' title='bbox 1128 565 1318 604; x_wconf 83' lang='lat' dir='ltr'><em>ecclesiis</em></span> <span class='ocrx_word' id='word_1_44' title='bbox 1341 564 1438 605; x_wconf 89' lang='lat' dir='ltr'><em>dari</em></span> <span class='ocrx_word' id='word_1_45' title='bbox 1471 564 1522 605; x_wconf 88' lang='lat' dir='ltr'><em>de</em></span> <span class='ocrx_word' id='word_1_46' title='bbox 1545 566 1680 605; x_wconf 89' lang='lat' dir='ltr'><em>laneis</em></span> <span class='ocrx_word' id='word_1_47' title='bbox 1712 566 1854 617; x_wconf 80' lang='lat' dir='ltr'><em>aliqua</em></span> <span class='ocrx_word' id='word_1_48' title='bbox 1879 565 2040 618; x_wconf 78' lang='lat' dir='ltr'><em>capelia</em></span> 
     </span>
     <span class='ocr_line' id='line_1_9' title="bbox 175 632 2040 690; baseline -0.002 -14"><span class='ocrx_word' id='word_1_49' title='bbox 175 648 255 690; x_wconf 90' lang='lat' dir='ltr'><em>pro</em></span> <span class='ocrx_word' id='word_1_50' title='bbox 288 635 626 676; x_wconf 76' lang='lat' dir='ltr'><em>consuetudinali</em></span> <span class='ocrx_word' id='word_1_51' title='bbox 658 634 821 673; x_wconf 89' lang='lat' dir='ltr'><em>decima</em></span> <span class='ocrx_word' id='word_1_52' title='bbox 854 632 904 672; x_wconf 94' lang='lat' dir='ltr'><em>ab</em></span> <span class='ocrx_word' id='word_1_53' title='bbox 937 633 1036 672; x_wconf 86' lang='lat' dir='ltr'><em>aliis</em></span> <span class='ocrx_word' id='word_1_54' title='bbox 1067 635 1336 673; x_wconf 86' lang='lat' dir='ltr'><em>monasteriis</em></span> <span class='ocrx_word' id='word_1_55' title='bbox 1370 637 1409 673; x_wconf 89' lang='lat' dir='ltr'><em>et</em></span> <span class='ocrx_word' id='word_1_56' title='bbox 1438 634 1655 686; x_wconf 70' lang='lat' dir='ltr'><em>i·eli9iosis</em></span> <span class='ocrx_word' id='word_1_57' title='bbox 1688 634 1795 673; x_wconf 88' lang='lat' dir='ltr'><em>locis</em></span> <span class='ocrx_word' id='word_1_58' title='bbox 1827 645 1903 673; x_wconf 87' lang='lat' dir='ltr'><em>sue</em></span> <span class='ocrx_word' id='word_1_59' title='bbox 1933 632 2040 686; x_wconf 77' lang='lat' dir='ltr'><em>dyo-</em></span> 
     </span>
     <span class='ocr_line' id='line_1_10' title="bbox 176 701 2040 754; baseline -0.002 -10"><span class='ocrx_word' id='word_1_60' title='bbox 176 707 286 745; x_wconf 85' lang='lat' dir='ltr'><em>cesis</em></span> <span class='ocrx_word' id='word_1_61' title='bbox 326 703 601 754; x_wconf 82' lang='lat' dir='ltr'><em>ordinauerit,</em></span> <span class='ocrx_word' id='word_1_62' title='bbox 650 705 746 741; x_wconf 86' lang='lat' dir='ltr'><em>tunc</em></span> <span class='ocrx_word' id='word_1_63' title='bbox 797 702 955 741; x_wconf 83' lang='lat' dir='ltr'><em>licitum</em></span> <span class='ocrx_word' id='word_1_64' title='bbox 1003 702 1058 740; x_wconf 83' lang='lat' dir='ltr'><em>sil</em></span> <span class='ocrx_word' id='word_1_65' title='bbox 1101 701 1293 753; x_wconf 76' lang='lat' dir='ltr'><em>plebanis</em></span> <span class='ocrx_word' id='word_1_66' title='bbox 1340 702 1517 742; x_wconf 85' lang='lat' dir='ltr'><em>ecclesie</em></span> <span class='ocrx_word' id='word_1_67' title='bbox 1570 704 1615 743; x_wconf 87' lang='lat' dir='ltr'><em>in</em></span> <span class='ocrx_word' id='word_1_68' title='bbox 1654 701 1835 742; x_wconf 81' lang='lat' dir='ltr'><em>Pribicz</em></span> <span class='ocrx_word' id='word_1_69' title='bbox 1875 701 2040 742; x_wconf 80' lang='lat' dir='ltr'><em>totidem</em></span> 
     </span>
     <span class='ocr_line' id='line_1_11' title="bbox 176 769 2042 826; baseline -0.002 -13"><span class='ocrx_word' id='word_1_70' title='bbox 176 774 338 826; x_wconf 85' lang='lat' dir='ltr'><em>capelia</em></span> <span class='ocrx_word' id='word_1_71' title='bbox 371 784 465 811; x_wconf 88' lang='lat' dir='ltr'><em>cum</em></span> <span class='ocrx_word' id='word_1_72' title='bbox 504 772 674 811; x_wconf 87' lang='lat' dir='ltr'><em>minutis</em></span> <span class='ocrx_word' id='word_1_73' title='bbox 708 770 882 810; x_wconf 85' lang='lat' dir='ltr'><em>decimis</em></span> <span class='ocrx_word' id='word_1_74' title='bbox 923 769 974 808; x_wconf 89' lang='lat' dir='ltr'><em>de</em></span> <span class='ocrx_word' id='word_1_75' title='bbox 1006 770 1188 821; x_wconf 74' lang='lat' dir='ltr'><em>sinqulis</em></span> <span class='ocrx_word' id='word_1_76' title='bbox 1221 770 1356 810; x_wconf 86' lang='lat' dir='ltr'><em>laneis</em></span> <span class='ocrx_word' id='word_1_77' title='bbox 1387 772 1487 811; x_wconf 70' lang='lat' dir='ltr'><em>ville</em></span> <span class='ocrx_word' id='word_1_78' title='bbox 1527 773 1686 811; x_wconf 72' lang='lat' dir='ltr'><em>U&#39;setat</em></span> <span class='ocrx_word' id='word_1_79' title='bbox 1716 784 1742 811; x_wconf 87' lang='lat' dir='ltr'><em>a</em></span> <span class='ocrx_word' id='word_1_80' title='bbox 1776 770 2042 813; x_wconf 79' lang='lat' dir='ltr'><em>Cliunicensi</em></span> 
     </span>
     <span class='ocr_line' id='line_1_12' title="bbox 174 837 2040 896; baseline -0.002 -14"><span class='ocrx_word' id='word_1_81' title='bbox 174 843 389 896; x_wconf 86' lang='lat' dir='ltr'><em>preposito</em></span> <span class='ocrx_word' id='word_1_82' title='bbox 428 841 657 893; x_wconf 85' lang='lat' dir='ltr'><em>post-utare.</em></span> <span class='ocrx_word' id='word_1_83' title='bbox 729 840 781 880; x_wconf 82' lang='lat' dir='ltr'><em>Vt</em></span> <span class='ocrx_word' id='word_1_84' title='bbox 818 839 946 890; x_wconf 74' lang='lat' dir='ltr'><em>iyitur</em></span> <span class='ocrx_word' id='word_1_85' title='bbox 985 837 1064 877; x_wconf 81' lang='lat' dir='ltr'><em>hec</em></span> <span class='ocrx_word' id='word_1_86' title='bbox 1109 838 1346 878; x_wconf 87' lang='lat' dir='ltr'><em>amicabilis</em></span> <span class='ocrx_word' id='word_1_87' title='bbox 1386 841 1631 892; x_wconf 83' lang='lat' dir='ltr'><em>compositio</em></span> <span class='ocrx_word' id='word_1_88' title='bbox 1671 839 1724 880; x_wconf 86' lang='lat' dir='ltr'><em>de</em></span> <span class='ocrx_word' id='word_1_89' title='bbox 1763 843 1899 880; x_wconf 92' lang='lat' dir='ltr'><em>cetero</em></span> <span class='ocrx_word' id='word_1_90' title='bbox 1946 840 2040 879; x_wconf 83' lang='lat' dir='ltr'><em>rata</em></span> 
     </span>
     <span class='ocr_line' id='line_1_13' title="bbox 173 906 2039 964; baseline -0.001 -15"><span class='ocrx_word' id='word_1_91' title='bbox 173 913 430 964; x_wconf 88' lang='lat' dir='ltr'><em>permaneat,</em></span> <span class='ocrx_word' id='word_1_92' title='bbox 464 908 547 949; x_wconf 84' lang='lat' dir='ltr'><em>duo</em></span> <span class='ocrx_word' id='word_1_93' title='bbox 579 909 853 949; x_wconf 89' lang='lat' dir='ltr'><em>instrumenta</em></span> <span class='ocrx_word' id='word_1_94' title='bbox 886 920 1015 960; x_wconf 87' lang='lat' dir='ltr'><em>super</em></span> <span class='ocrx_word' id='word_1_95' title='bbox 1054 906 1138 947; x_wconf 76' lang='lat' dir='ltr'><em>liii-s</em></span> <span class='ocrx_word' id='word_1_96' title='bbox 1170 907 1358 948; x_wconf 80' lang='lat' dir='ltr'><em>eiusdem</em></span> <span class='ocrx_word' id='word_1_97' title='bbox 1390 910 1546 948; x_wconf 87' lang='lat' dir='ltr'><em>tenoris</em></span> <span class='ocrx_word' id='word_1_98' title='bbox 1575 909 1672 962; x_wconf 86' lang='lat' dir='ltr'><em>fieri</em></span> <span class='ocrx_word' id='word_1_99' title='bbox 1700 909 1899 962; x_wconf 81' lang='lat' dir='ltr'><em>fecimus,</em></span> <span class='ocrx_word' id='word_1_100' title='bbox 1932 919 2039 960; x_wconf 86' lang='lat' dir='ltr'><em>quo-</em></span> 
     </span>
     <span class='ocr_line' id='line_1_14' title="bbox 176 977 2040 1030; baseline -0.002 -11"><span class='ocrx_word' id='word_1_101' title='bbox 176 991 270 1019; x_wconf 87' lang='lat' dir='ltr'><em>rum</em></span> <span class='ocrx_word' id='word_1_102' title='bbox 303 990 429 1018; x_wconf 72' lang='lat' dir='ltr'><em>vnum</em></span> <span class='ocrx_word' id='word_1_103' title='bbox 468 979 626 1016; x_wconf 86' lang='lat' dir='ltr'><em>nostris</em></span> <span class='ocrx_word' id='word_1_104' title='bbox 658 978 840 1028; x_wconf 73' lang='lat' dir='ltr'><em>sinyulis</em></span> <span class='ocrx_word' id='word_1_105' title='bbox 879 989 962 1016; x_wconf 81' lang='lat' dir='ltr'><em>vna</em></span> <span class='ocrx_word' id='word_1_106' title='bbox 995 989 1090 1016; x_wconf 89' lang='lat' dir='ltr'><em>cum</em></span> <span class='ocrx_word' id='word_1_107' title='bbox 1130 977 1274 1028; x_wconf 65' lang='lat' dir='ltr'><em>sigillo</em></span> <span class='ocrx_word' id='word_1_108' title='bbox 1303 978 1463 1030; x_wconf 84' lang='lat' dir='ltr'><em>prefati</em></span> <span class='ocrx_word' id='word_1_109' title='bbox 1500 978 1740 1019; x_wconf 87' lang='lat' dir='ltr'><em>Hermanni</em></span> <span class='ocrx_word' id='word_1_110' title='bbox 1778 977 2040 1030; x_wconf 70' lang='lat' dir='ltr'><em>preceptori-&lt;5</em></span> 
     </span>
     <span class='ocr_line' id='line_1_15' title="bbox 175 1045 2038 1099; baseline -0.002 -11"><span class='ocrx_word' id='word_1_111' title='bbox 175 1048 407 1099; x_wconf 72' lang='lat' dir='ltr'><em>siqillatum</em></span> <span class='ocrx_word' id='word_1_112' title='bbox 446 1047 762 1098; x_wconf 64' lang='lat' dir='ltr'><em>assimulamus</em></span> <span class='ocrx_word' id='word_1_113' title='bbox 801 1047 1015 1098; x_wconf 85' lang='lat' dir='ltr'><em>preposito</em></span> <span class='ocrx_word' id='word_1_114' title='bbox 1050 1045 1322 1098; x_wconf 81' lang='lat' dir='ltr'><em>Cliunicensi,</em></span> <span class='ocrx_word' id='word_1_115' title='bbox 1362 1046 1483 1086; x_wconf 86' lang='lat' dir='ltr'><em>aliud</em></span> <span class='ocrx_word' id='word_1_116' title='bbox 1519 1058 1620 1086; x_wconf 78' lang='lat' dir='ltr'><em>vero</em></span> <span class='ocrx_word' id='word_1_117' title='bbox 1660 1057 1754 1085; x_wconf 89' lang='lat' dir='ltr'><em>cum</em></span> <span class='ocrx_word' id='word_1_118' title='bbox 1794 1048 2038 1085; x_wconf 88' lang='lat' dir='ltr'><em>nostrorum</em></span> 
     </span>
     <span class='ocr_line' id='line_1_16' title="bbox 175 1113 2041 1168; baseline -0.002 -12"><span class='ocrx_word' id='word_1_119' title='bbox 175 1118 416 1168; x_wconf 66' lang='lat' dir='ltr'><em>siqillorum</em></span> <span class='ocrx_word' id='word_1_120' title='bbox 455 1128 531 1155; x_wconf 88' lang='lat' dir='ltr'><em>nec</em></span> <span class='ocrx_word' id='word_1_121' title='bbox 562 1128 647 1154; x_wconf 89' lang='lat' dir='ltr'><em>non</em></span> <span class='ocrx_word' id='word_1_122' title='bbox 689 1114 848 1155; x_wconf 87' lang='lat' dir='ltr'><em>abbatis</em></span> <span class='ocrx_word' id='word_1_123' title='bbox 880 1113 1104 1165; x_wconf 72' lang='lat' dir='ltr'><em>Syloensis</em></span> <span class='ocrx_word' id='word_1_124' title='bbox 1136 1117 1176 1153; x_wconf 89' lang='lat' dir='ltr'><em>et</em></span> <span class='ocrx_word' id='word_1_125' title='bbox 1202 1116 1485 1166; x_wconf 76' lang='lat' dir='ltr'><em>prenominati</em></span> <span class='ocrx_word' id='word_1_126' title='bbox 1519 1116 1725 1168; x_wconf 82' lang='lat' dir='ltr'><em>prepositi</em></span> <span class='ocrx_word' id='word_1_127' title='bbox 1757 1114 2041 1156; x_wconf 76' lang='lat' dir='ltr'><em>Cltunicensis</em></span> 
     </span>
     <span class='ocr_line' id='line_1_17' title="bbox 176 1181 2040 1238; baseline -0.002 -13"><span class='ocrx_word' id='word_1_128' title='bbox 176 1186 433 1238; x_wconf 80' lang='lat' dir='ltr'><em>appensione</em></span> <span class='ocrx_word' id='word_1_129' title='bbox 459 1185 634 1223; x_wconf 84' lang='lat' dir='ltr'><em>ecclesie</em></span> <span class='ocrx_word' id='word_1_130' title='bbox 668 1185 712 1223; x_wconf 88' lang='lat' dir='ltr'><em>in</em></span> <span class='ocrx_word' id='word_1_131' title='bbox 746 1183 925 1224; x_wconf 74' lang='lat' dir='ltr'><em>Pribicz</em></span> <span class='ocrx_word' id='word_1_132' title='bbox 946 1184 1129 1236; x_wconf 82' lang='lat' dir='ltr'><em>fecimus</em></span> <span class='ocrx_word' id='word_1_133' title='bbox 1156 1185 1387 1236; x_wconf 72' lang='lat' dir='ltr'><em>assianari,</em></span> <span class='ocrx_word' id='word_1_134' title='bbox 1412 1185 1704 1237; x_wconf 79' lang='lat' dir='ltr'><em>precipientes,</em></span> <span class='ocrx_word' id='word_1_135' title='bbox 1731 1185 1775 1223; x_wconf 82' lang='lat' dir='ltr'><em>vt</em></span> <span class='ocrx_word' id='word_1_136' title='bbox 1797 1181 1874 1222; x_wconf 79' lang='lat' dir='ltr'><em>liec</em></span> <span class='ocrx_word' id='word_1_137' title='bbox 1899 1183 2040 1222; x_wconf 86' lang='lat' dir='ltr'><em>omnia</em></span> 
     </span>
     <span class='ocr_line' id='line_1_18' title="bbox 173 1252 2042 1307; baseline -0.001 -15"><span class='ocrx_word' id='word_1_138' title='bbox 173 1267 250 1306; x_wconf 85' lang='lat' dir='ltr'><em>per</em></span> <span class='ocrx_word' id='word_1_139' title='bbox 284 1253 496 1292; x_wconf 85' lang='lat' dir='ltr'><em>dominum</em></span> <span class='ocrx_word' id='word_1_140' title='bbox 533 1252 839 1293; x_wconf 78' lang='lat' dir='ltr'><em>Theodericum</em></span> <span class='ocrx_word' id='word_1_141' title='bbox 873 1253 1193 1293; x_wconf 67' lang='lat' dir='ltr'><em>olomucensem</em></span> <span class='ocrx_word' id='word_1_142' title='bbox 1233 1255 1475 1307; x_wconf 87' lang='lat' dir='ltr'><em>episcopum</em></span> <span class='ocrx_word' id='word_1_143' title='bbox 1509 1252 1683 1292; x_wconf 86' lang='lat' dir='ltr'><em>debeant</em></span> <span class='ocrx_word' id='word_1_144' title='bbox 1721 1252 1967 1305; x_wconf 84' lang='lat' dir='ltr'><em>confirmari</em></span> <span class='ocrx_word' id='word_1_145' title='bbox 1998 1252 2042 1291; x_wconf 82' lang='lat' dir='ltr'><em>in</em></span> 
     </span>
     <span class='ocr_line' id='line_1_19' title="bbox 172 1321 2037 1375; baseline 0 -16"><span class='ocrx_word' id='word_1_146' title='bbox 172 1326 418 1375; x_wconf 85' lang='lat' dir='ltr'><em>perpetuum</em></span> <span class='ocrx_word' id='word_1_147' title='bbox 452 1322 672 1372; x_wconf 78' lang='lat' dir='ltr'><em>duratura,</em></span> <span class='ocrx_word' id='word_1_148' title='bbox 703 1334 813 1373; x_wconf 85' lang='lat' dir='ltr'><em>pena</em></span> <span class='ocrx_word' id='word_1_149' title='bbox 844 1322 982 1372; x_wconf 85' lang='lat' dir='ltr'><em>posita</em></span> <span class='ocrx_word' id='word_1_150' title='bbox 1014 1322 1162 1372; x_wconf 70' lang='lat' dir='ltr'><em>viyinti</em></span> <span class='ocrx_word' id='word_1_151' title='bbox 1193 1323 1373 1373; x_wconf 81' lang='lat' dir='ltr'><em>quinque</em></span> <span class='ocrx_word' id='word_1_152' title='bbox 1403 1333 1646 1361; x_wconf 87' lang='lat' dir='ltr'><em>marcarum</em></span> <span class='ocrx_word' id='word_1_153' title='bbox 1679 1321 1897 1360; x_wconf 80' lang='lat' dir='ltr'><em>Jlorauici</em></span> <span class='ocrx_word' id='word_1_154' title='bbox 1925 1331 2037 1372; x_wconf 87' lang='lat' dir='ltr'><em>pon-</em></span> 
     </span>
     <span class='ocr_line' id='line_1_20' title="bbox 176 1389 2041 1442; baseline -0.001 -13"><span class='ocrx_word' id='word_1_155' title='bbox 176 1390 294 1429; x_wconf 85' lang='lat' dir='ltr'><em>deris</em></span> <span class='ocrx_word' id='word_1_156' title='bbox 342 1393 381 1428; x_wconf 88' lang='lat' dir='ltr'><em>et</em></span> <span class='ocrx_word' id='word_1_157' title='bbox 427 1391 604 1440; x_wconf 69' lang='lat' dir='ltr'><em>aryenti,</em></span> <span class='ocrx_word' id='word_1_158' title='bbox 649 1391 765 1442; x_wconf 91' lang='lat' dir='ltr'><em>parti</em></span> <span class='ocrx_word' id='word_1_159' title='bbox 815 1389 1056 1428; x_wconf 82' lang='lat' dir='ltr'><em>obseruanti</em></span> <span class='ocrx_word' id='word_1_160' title='bbox 1098 1389 1209 1428; x_wconf 79' lang='lat' dir='ltr'><em>hanc</em></span> <span class='ocrx_word' id='word_1_161' title='bbox 1257 1391 1391 1442; x_wconf 87' lang='lat' dir='ltr'><em>ipsam</em></span> <span class='ocrx_word' id='word_1_162' title='bbox 1440 1390 1790 1442; x_wconf 83' lang='lat' dir='ltr'><em>composicionem</em></span> <span class='ocrx_word' id='word_1_163' title='bbox 1843 1401 1869 1428; x_wconf 88' lang='lat' dir='ltr'><em>a</em></span> <span class='ocrx_word' id='word_1_164' title='bbox 1919 1390 2041 1441; x_wconf 86' lang='lat' dir='ltr'><em>parte</em></span> 
     </span>
     <span class='ocr_line' id='line_1_21' title="bbox 176 1456 2042 1511; baseline -0.001 -13"><span class='ocrx_word' id='word_1_165' title='bbox 176 1471 420 1511; x_wconf 83' lang='lat' dir='ltr'><em>quocunque</em></span> <span class='ocrx_word' id='word_1_166' title='bbox 462 1462 644 1510; x_wconf 87' lang='lat' dir='ltr'><em>tempore</em></span> <span class='ocrx_word' id='word_1_167' title='bbox 689 1470 774 1497; x_wconf 89' lang='lat' dir='ltr'><em>non</em></span> <span class='ocrx_word' id='word_1_168' title='bbox 813 1460 1009 1496; x_wconf 86' lang='lat' dir='ltr'><em>seruante</em></span> <span class='ocrx_word' id='word_1_169' title='bbox 1048 1458 1100 1496; x_wconf 88' lang='lat' dir='ltr'><em>de</em></span> <span class='ocrx_word' id='word_1_170' title='bbox 1139 1462 1274 1497; x_wconf 87' lang='lat' dir='ltr'><em>cetero</em></span> <span class='ocrx_word' id='word_1_171' title='bbox 1316 1459 1631 1510; x_wconf 85' lang='lat' dir='ltr'><em>soluendarum,</em></span> <span class='ocrx_word' id='word_1_172' title='bbox 1671 1458 1945 1510; x_wconf 88' lang='lat' dir='ltr'><em>conpulsione</em></span> <span class='ocrx_word' id='word_1_173' title='bbox 1984 1456 2042 1497; x_wconf 88' lang='lat' dir='ltr'><em>ad</em></span> 
     </span>
     <span class='ocr_line' id='line_1_22' title="bbox 176 1526 2040 1580; baseline 0 -13"><span class='ocrx_word' id='word_1_174' title='bbox 176 1528 256 1567; x_wconf 80' lang='lat' dir='ltr'><em>lioc</em></span> <span class='ocrx_word' id='word_1_175' title='bbox 284 1528 444 1580; x_wconf 84' lang='lat' dir='ltr'><em>prefati</em></span> <span class='ocrx_word' id='word_1_176' title='bbox 476 1528 664 1578; x_wconf 86' lang='lat' dir='ltr'><em>episcopi</em></span> <span class='ocrx_word' id='word_1_177' title='bbox 696 1526 929 1565; x_wconf 87' lang='lat' dir='ltr'><em>accedente.</em></span> <span class='ocrx_word' id='word_1_178' title='bbox 979 1527 1085 1566; x_wconf 80' lang='lat' dir='ltr'><em>Acta</em></span> <span class='ocrx_word' id='word_1_179' title='bbox 1118 1530 1215 1565; x_wconf 86' lang='lat' dir='ltr'><em>sunt</em></span> <span class='ocrx_word' id='word_1_180' title='bbox 1245 1527 1321 1566; x_wconf 81' lang='lat' dir='ltr'><em>hec</em></span> <span class='ocrx_word' id='word_1_181' title='bbox 1356 1528 1533 1567; x_wconf 86' lang='lat' dir='ltr'><em>Brunne</em></span> <span class='ocrx_word' id='word_1_182' title='bbox 1564 1529 1608 1567; x_wconf 89' lang='lat' dir='ltr'><em>in</em></span> <span class='ocrx_word' id='word_1_183' title='bbox 1641 1528 1821 1566; x_wconf 89' lang='lat' dir='ltr'><em>ecclesia</em></span> <span class='ocrx_word' id='word_1_184' title='bbox 1853 1539 1888 1566; x_wconf 86' lang='lat' dir='ltr'><em>s.</em></span> <span class='ocrx_word' id='word_1_185' title='bbox 1916 1527 2040 1567; x_wconf 82' lang='lat' dir='ltr'><em>Petri</em></span> 
     </span>
     <span class='ocr_line' id='line_1_23' title="bbox 174 1593 2040 1648; baseline -0.001 -12"><span class='ocrx_word' id='word_1_186' title='bbox 174 1608 286 1637; x_wconf 90' lang='lat' dir='ltr'><em>anno</em></span> <span class='ocrx_word' id='word_1_187' title='bbox 319 1596 479 1635; x_wconf 89' lang='lat' dir='ltr'><em>domini</em></span> <span class='ocrx_word' id='word_1_188' title='bbox 510 1597 572 1635; x_wconf 54' lang='grc' dir='ltr'><em>ΠΙ.</em></span> <span class='ocrx_word' id='word_1_189' title='bbox 607 1595 694 1636; x_wconf 76' lang='lat' dir='ltr'><em>CO.</em></span> <span class='ocrx_word' id='word_1_190' title='bbox 728 1593 1022 1634; x_wconf 85' lang='lat' dir='ltr'><em>LXXXIIII.</em></span> <span class='ocrx_word' id='word_1_191' title='bbox 1063 1595 1135 1635; x_wconf 75' lang='lat'><em>1&#39;1.</em></span> <span class='ocrx_word' id='word_1_192' title='bbox 1163 1595 1386 1634; x_wconf 84' lang='lat' dir='ltr'><em>Kalendas</em></span> <span class='ocrx_word' id='word_1_193' title='bbox 1420 1597 1543 1648; x_wconf 83' lang='lat' dir='ltr'><em>Mati,</em></span> <span class='ocrx_word' id='word_1_194' title='bbox 1574 1594 1837 1648; x_wconf 87' lang='lat' dir='ltr'><em>presentibus</em></span> <span class='ocrx_word' id='word_1_195' title='bbox 1870 1594 2040 1634; x_wconf 88' lang='lat' dir='ltr'><em>domino</em></span> 
     </span>
     <span class='ocr_line' id='line_1_24' title="bbox 175 1663 2042 1717; baseline -0.002 -12"><span class='ocrx_word' id='word_1_196' title='bbox 175 1664 331 1705; x_wconf 88' lang='lat' dir='ltr'><em>Iacobo</em></span> <span class='ocrx_word' id='word_1_197' title='bbox 362 1665 576 1717; x_wconf 79' lang='lat' dir='ltr'><em>preposito</em></span> <span class='ocrx_word' id='word_1_198' title='bbox 609 1663 661 1703; x_wconf 90' lang='lat' dir='ltr'><em>de</em></span> <span class='ocrx_word' id='word_1_199' title='bbox 695 1663 983 1712; x_wconf 77' lang='lat' dir='ltr'><em>leusnouicz,</em></span> <span class='ocrx_word' id='word_1_200' title='bbox 1016 1664 1221 1714; x_wconf 71' lang='lat' dir='ltr'><em>mayistro</em></span> <span class='ocrx_word' id='word_1_201' title='bbox 1254 1663 1445 1703; x_wconf 75' lang='lat' dir='ltr'><em>Iohanne</em></span> <span class='ocrx_word' id='word_1_202' title='bbox 1467 1666 1664 1705; x_wconf 85' lang='lat' dir='ltr'><em>Romano</em></span> <span class='ocrx_word' id='word_1_203' title='bbox 1697 1664 1901 1703; x_wconf 88' lang='lat' dir='ltr'><em>canonico</em></span> <span class='ocrx_word' id='word_1_204' title='bbox 1919 1663 2042 1702; x_wconf 89' lang='lat' dir='ltr'><em>Pra-</em></span> 
     </span>
     <span class='ocr_line' id='line_1_25' title="bbox 176 1729 2041 1787; baseline -0.001 -14"><span class='ocrx_word' id='word_1_205' title='bbox 176 1735 308 1787; x_wconf 79' lang='lat' dir='ltr'><em>qensi,</em></span> <span class='ocrx_word' id='word_1_206' title='bbox 342 1736 381 1773; x_wconf 86' lang='lat' dir='ltr'><em>et</em></span> <span class='ocrx_word' id='word_1_207' title='bbox 419 1734 518 1772; x_wconf 87' lang='lat' dir='ltr'><em>aliis</em></span> <span class='ocrx_word' id='word_1_208' title='bbox 551 1745 674 1785; x_wconf 83' lang='lat' dir='ltr'><em>quam</em></span> <span class='ocrx_word' id='word_1_209' title='bbox 705 1733 903 1785; x_wconf 84' lang='lat' dir='ltr'><em>plurimis</em></span> <span class='ocrx_word' id='word_1_210' title='bbox 932 1732 1018 1785; x_wconf 82' lang='lat' dir='ltr'><em>side</em></span> <span class='ocrx_word' id='word_1_211' title='bbox 1048 1733 1203 1784; x_wconf 70' lang='lat' dir='ltr'><em>cliynis.</em></span> <span class='ocrx_word' id='word_1_212' title='bbox 1248 1731 1349 1774; x_wconf 86' lang='lat' dir='ltr'><em>Cum</em></span> <span class='ocrx_word' id='word_1_213' title='bbox 1384 1734 1516 1787; x_wconf 89' lang='lat' dir='ltr'><em>igitur</em></span> <span class='ocrx_word' id='word_1_214' title='bbox 1548 1736 1692 1772; x_wconf 84' lang='lat' dir='ltr'><em>nostra</em></span> <span class='ocrx_word' id='word_1_215' title='bbox 1726 1732 1891 1772; x_wconf 90' lang='lat' dir='ltr'><em>intersit</em></span> <span class='ocrx_word' id='word_1_216' title='bbox 1921 1729 2041 1771; x_wconf 86' lang='lat' dir='ltr'><em>finem</em></span> 
     </span>
     <span class='ocr_line' id='line_1_26' title="bbox 175 1799 2039 1855; baseline -0.002 -12"><span class='ocrx_word' id='word_1_217' title='bbox 175 1803 317 1843; x_wconf 78' lang='lat' dir='ltr'><em>litibus</em></span> <span class='ocrx_word' id='word_1_218' title='bbox 344 1804 569 1855; x_wconf 77' lang='lat' dir='ltr'><em>imponere,</em></span> <span class='ocrx_word' id='word_1_219' title='bbox 603 1806 645 1841; x_wconf 88' lang='lat' dir='ltr'><em>et</em></span> <span class='ocrx_word' id='word_1_220' title='bbox 668 1802 879 1841; x_wconf 80' lang='lat' dir='ltr'><em>materiam</em></span> <span class='ocrx_word' id='word_1_221' title='bbox 908 1803 1032 1841; x_wconf 89' lang='lat' dir='ltr'><em>litium</em></span> <span class='ocrx_word' id='word_1_222' title='bbox 1061 1814 1116 1842; x_wconf 80' lang='lat' dir='ltr'><em>ex</em></span> <span class='ocrx_word' id='word_1_223' title='bbox 1150 1803 1317 1842; x_wconf 90' lang='lat' dir='ltr'><em>iniuncti</em></span> <span class='ocrx_word' id='word_1_224' title='bbox 1346 1803 1466 1842; x_wconf 88' lang='lat' dir='ltr'><em>nobis</em></span> <span class='ocrx_word' id='word_1_225' title='bbox 1496 1801 1719 1852; x_wconf 88' lang='lat' dir='ltr'><em>pastoralis</em></span> <span class='ocrx_word' id='word_1_226' title='bbox 1746 1799 1868 1840; x_wconf 82' lang='lat' dir='ltr'><em>officii</em></span> <span class='ocrx_word' id='word_1_227' title='bbox 1900 1800 2039 1841; x_wconf 86' lang='lat' dir='ltr'><em>debito</em></span> 
     </span>
     <span class='ocr_line' id='line_1_27' title="bbox 177 1866 2041 1925; baseline -0.001 -14"><span class='ocrx_word' id='word_1_228' title='bbox 177 1875 407 1925; x_wconf 81' lang='lat' dir='ltr'><em>amputare,</em></span> <span class='ocrx_word' id='word_1_229' title='bbox 442 1872 789 1922; x_wconf 80' lang='lat' dir='ltr'><em>composicionem</em></span> <span class='ocrx_word' id='word_1_230' title='bbox 817 1875 1074 1922; x_wconf 78' lang='lat' dir='ltr'><em>prenotatam</em></span> <span class='ocrx_word' id='word_1_231' title='bbox 1110 1871 1218 1911; x_wconf 87' lang='lat' dir='ltr'><em>inter</em></span> <span class='ocrx_word' id='word_1_232' title='bbox 1248 1882 1455 1922; x_wconf 78' lang='lat' dir='ltr'><em>personas</em></span> <span class='ocrx_word' id='word_1_233' title='bbox 1489 1869 1716 1923; x_wconf 87' lang='lat' dir='ltr'><em>predictas,</em></span> <span class='ocrx_word' id='word_1_234' title='bbox 1743 1880 1819 1920; x_wconf 87' lang='lat' dir='ltr'><em>per</em></span> <span class='ocrx_word' id='word_1_235' title='bbox 1851 1866 2041 1920; x_wconf 79' lang='lat' dir='ltr'><em>prefatos</em></span> 
     </span>
     <span class='ocr_line' id='line_1_28' title="bbox 176 1938 2041 1994; baseline -0.001 -13"><span class='ocrx_word' id='word_1_236' title='bbox 176 1943 294 1982; x_wconf 84' lang='lat' dir='ltr'><em>viros</em></span> <span class='ocrx_word' id='word_1_237' title='bbox 328 1941 598 1980; x_wconf 76' lang='lat' dir='ltr'><em>honorabiles</em></span> <span class='ocrx_word' id='word_1_238' title='bbox 639 1945 681 1981; x_wconf 90' lang='lat' dir='ltr'><em>et</em></span> <span class='ocrx_word' id='word_1_239' title='bbox 714 1941 937 1994; x_wconf 90' lang='lat' dir='ltr'><em>discretos,</em></span> <span class='ocrx_word' id='word_1_240' title='bbox 979 1941 1056 1979; x_wconf 89' lang='lat' dir='ltr'><em>rite</em></span> <span class='ocrx_word' id='word_1_241' title='bbox 1100 1952 1149 1979; x_wconf 88' lang='lat' dir='ltr'><em>ac</em></span> <span class='ocrx_word' id='word_1_242' title='bbox 1186 1940 1498 1979; x_wconf 80' lang='lat' dir='ltr'><em>racionabiliter</em></span> <span class='ocrx_word' id='word_1_243' title='bbox 1538 1938 1784 1993; x_wconf 87' lang='lat' dir='ltr'><em>ordinatam,</em></span> <span class='ocrx_word' id='word_1_244' title='bbox 1828 1941 1957 1978; x_wconf 80' lang='lat' dir='ltr'><em>ratam</em></span> <span class='ocrx_word' id='word_1_245' title='bbox 1998 1941 2041 1979; x_wconf 81' lang='lat' dir='ltr'><em>et</em></span> 
     </span>
     <span class='ocr_line' id='line_1_29' title="bbox 177 2006 2040 2064; baseline -0.001 -15"><span class='ocrx_word' id='word_1_246' title='bbox 177 2014 342 2064; x_wconf 80' lang='lat' dir='ltr'><em>gratam</em></span> <span class='ocrx_word' id='word_1_247' title='bbox 376 2009 584 2049; x_wconf 87' lang='lat' dir='ltr'><em>habentes</em></span> <span class='ocrx_word' id='word_1_248' title='bbox 611 2011 860 2049; x_wconf 89' lang='lat' dir='ltr'><em>auctoritate</em></span> <span class='ocrx_word' id='word_1_249' title='bbox 894 2009 1104 2049; x_wconf 86' lang='lat' dir='ltr'><em>ordinaria</em></span> <span class='ocrx_word' id='word_1_250' title='bbox 1134 2007 1435 2063; x_wconf 80' lang='lat' dir='ltr'><em>confirmamus,</em></span> <span class='ocrx_word' id='word_1_251' title='bbox 1468 2006 1830 2048; x_wconf 85' lang='lat' dir='ltr'><em>confirmacionem</em></span> <span class='ocrx_word' id='word_1_252' title='bbox 1856 2011 2040 2048; x_wconf 80' lang='lat' dir='ltr'><em>nostram</em></span> 
     </span>
     <span class='ocr_line' id='line_1_30' title="bbox 178 2076 2040 2133; baseline -0.001 -16"><span class='ocrx_word' id='word_1_253' title='bbox 178 2082 326 2117; x_wconf 86' lang='lat' dir='ltr'><em>tenore</em></span> <span class='ocrx_word' id='word_1_254' title='bbox 361 2079 623 2128; x_wconf 85' lang='lat' dir='ltr'><em>presencium</em></span> <span class='ocrx_word' id='word_1_255' title='bbox 659 2079 889 2118; x_wconf 83' lang='lat' dir='ltr'><em>munientes</em></span> <span class='ocrx_word' id='word_1_256' title='bbox 924 2079 1054 2133; x_wconf 79' lang='lat' dir='ltr'><em>sigilli</em></span> <span class='ocrx_word' id='word_1_257' title='bbox 1089 2081 1219 2118; x_wconf 81' lang='lat' dir='ltr'><em>nostri</em></span> <span class='ocrx_word' id='word_1_258' title='bbox 1254 2080 1464 2118; x_wconf 87' lang='lat' dir='ltr'><em>autentico</em></span> <span class='ocrx_word' id='word_1_259' title='bbox 1494 2078 1745 2116; x_wconf 82' lang='lat' dir='ltr'><em>roboratam.</em></span> <span class='ocrx_word' id='word_1_260' title='bbox 1785 2076 1896 2116; x_wconf 90' lang='lat' dir='ltr'><em>Nulli</em></span> <span class='ocrx_word' id='word_1_261' title='bbox 1928 2086 2040 2130; x_wconf 84' lang='lat' dir='ltr'><em>ergo</em></span> 
     </span>
     <span class='ocr_line' id='line_1_31' title="bbox 178 2145 2040 2201; baseline 0 -17"><span class='ocrx_word' id='word_1_262' title='bbox 178 2147 359 2197; x_wconf 86' lang='lat' dir='ltr'><em>ipsorum</em></span> <span class='ocrx_word' id='word_1_263' title='bbox 394 2147 519 2185; x_wconf 87' lang='lat' dir='ltr'><em>liceat</em></span> <span class='ocrx_word' id='word_1_264' title='bbox 551 2147 659 2186; x_wconf 81' lang='lat' dir='ltr'><em>lianc</em></span> <span class='ocrx_word' id='word_1_265' title='bbox 695 2151 838 2187; x_wconf 85' lang='lat' dir='ltr'><em>nostre</em></span> <span class='ocrx_word' id='word_1_266' title='bbox 872 2146 1202 2187; x_wconf 85' lang='lat' dir='ltr'><em>confirmacionis</em></span> <span class='ocrx_word' id='word_1_267' title='bbox 1242 2148 1440 2201; x_wconf 80' lang='lat' dir='ltr'><em>paginam</em></span> <span class='ocrx_word' id='word_1_268' title='bbox 1475 2145 1727 2200; x_wconf 85' lang='lat' dir='ltr'><em>infringere,</em></span> <span class='ocrx_word' id='word_1_269' title='bbox 1753 2145 1829 2199; x_wconf 23' lang='lat' dir='ltr'><em>,vel</em></span> <span class='ocrx_word' id='word_1_270' title='bbox 1862 2145 1901 2185; x_wconf 88' lang='lat' dir='ltr'><em>ei</em></span> <span class='ocrx_word' id='word_1_271' title='bbox 1934 2156 2040 2185; x_wconf 87' lang='lat' dir='ltr'><em>ausu</em></span> 
     </span>
     <span class='ocr_line' id='line_1_32' title="bbox 179 2214 2040 2269; baseline 0 -16"><span class='ocrx_word' id='word_1_272' title='bbox 179 2214 402 2253; x_wconf 85' lang='lat' dir='ltr'><em>temerario</em></span> <span class='ocrx_word' id='word_1_273' title='bbox 443 2216 667 2255; x_wconf 84' lang='lat' dir='ltr'><em>contraire.</em></span> <span class='ocrx_word' id='word_1_274' title='bbox 731 2216 779 2256; x_wconf 84' lang='lat' dir='ltr'><em>Si</em></span> <span class='ocrx_word' id='word_1_275' title='bbox 822 2218 914 2269; x_wconf 85' lang='lat' dir='ltr'><em>quis</em></span> <span class='ocrx_word' id='word_1_276' title='bbox 954 2220 1090 2256; x_wconf 86' lang='lat' dir='ltr'><em>autem</em></span> <span class='ocrx_word' id='word_1_277' title='bbox 1132 2227 1272 2257; x_wconf 90' lang='lat' dir='ltr'><em>eorum</em></span> <span class='ocrx_word' id='word_1_278' title='bbox 1312 2215 1392 2255; x_wconf 89' lang='lat' dir='ltr'><em>hoc</em></span> <span class='ocrx_word' id='word_1_279' title='bbox 1439 2219 1687 2267; x_wconf 83' lang='lat' dir='ltr'><em>attemptare</em></span> <span class='ocrx_word' id='word_1_280' title='bbox 1727 2215 2040 2268; x_wconf 85' lang='lat' dir='ltr'><em>presumpserit,</em></span> 
     </span>
     <span class='ocr_line' id='line_1_33' title="bbox 180 2283 2040 2338; baseline -0.001 -16"><span class='ocrx_word' id='word_1_281' title='bbox 180 2283 231 2322; x_wconf 89' lang='lat' dir='ltr'><em>ad</em></span> <span class='ocrx_word' id='word_1_282' title='bbox 267 2294 375 2334; x_wconf 87' lang='lat' dir='ltr'><em>pene</em></span> <span class='ocrx_word' id='word_1_283' title='bbox 409 2288 603 2322; x_wconf 87' lang='lat' dir='ltr'><em>conotate</em></span> <span class='ocrx_word' id='word_1_284' title='bbox 638 2285 676 2323; x_wconf 88' lang='lat' dir='ltr'><em>in</em></span> <span class='ocrx_word' id='word_1_285' title='bbox 711 2285 910 2335; x_wconf 84' lang='lat' dir='ltr'><em>predictis</em></span> <span class='ocrx_word' id='word_1_286' title='bbox 943 2286 1092 2325; x_wconf 88' lang='lat' dir='ltr'><em>litteris</em></span> <span class='ocrx_word' id='word_1_287' title='bbox 1131 2285 1341 2325; x_wconf 85' lang='lat' dir='ltr'><em>tenebitur</em></span> <span class='ocrx_word' id='word_1_288' title='bbox 1374 2285 1592 2338; x_wconf 86' lang='lat' dir='ltr'><em>piaculum,</em></span> <span class='ocrx_word' id='word_1_289' title='bbox 1625 2287 1668 2324; x_wconf 86' lang='lat' dir='ltr'><em>et</em></span> <span class='ocrx_word' id='word_1_290' title='bbox 1699 2283 2040 2338; x_wconf 84' lang='lat' dir='ltr'><em>indignacionem</em></span> 
     </span>
     <span class='ocr_line' id='line_1_34' title="bbox 179 2351 2038 2403; baseline -0.001 -11"><span class='ocrx_word' id='word_1_291' title='bbox 179 2352 467 2392; x_wconf 85' lang='lat' dir='ltr'><em>nichilominus</em></span> <span class='ocrx_word' id='word_1_292' title='bbox 511 2354 801 2403; x_wconf 84' lang='lat' dir='ltr'><em>omnipotentis</em></span> <span class='ocrx_word' id='word_1_293' title='bbox 840 2354 906 2394; x_wconf 90' lang='lat' dir='ltr'><em>dei</em></span> <span class='ocrx_word' id='word_1_294' title='bbox 949 2357 993 2394; x_wconf 86' lang='lat' dir='ltr'><em>et</em></span> <span class='ocrx_word' id='word_1_295' title='bbox 1031 2358 1214 2394; x_wconf 87' lang='lat' dir='ltr'><em>nostram</em></span> <span class='ocrx_word' id='word_1_296' title='bbox 1257 2363 1307 2393; x_wconf 84' lang='lat' dir='ltr'><em>se</em></span> <span class='ocrx_word' id='word_1_297' title='bbox 1345 2354 1511 2393; x_wconf 85' lang='lat' dir='ltr'><em>nouerit</em></span> <span class='ocrx_word' id='word_1_298' title='bbox 1550 2354 1823 2393; x_wconf 88' lang='lat' dir='ltr'><em>incursurum.</em></span> <span class='ocrx_word' id='word_1_299' title='bbox 1885 2351 2038 2392; x_wconf 87' lang='lat' dir='ltr'><em>Datum</em></span> 
     </span>
    </p>
   </div>
   <div class='ocr_carea' id='block_1_5' title="bbox 182 2419 2039 2540">
    <p class='ocr_par' dir='ltr' id='par_1_5' title="bbox 182 2419 2039 2540">
     <span class='ocr_line' id='line_1_35' title="bbox 182 2419 2039 2477; baseline -0.001 -18"><span class='ocrx_word' id='word_1_300' title='bbox 182 2420 291 2472; x_wconf 87' lang='lat' dir='ltr'><em>apud</em></span> <span class='ocrx_word' id='word_1_301' title='bbox 334 2420 526 2459; x_wconf 80' lang='lat' dir='ltr'><em>Modricz</em></span> <span class='ocrx_word' id='word_1_302' title='bbox 576 2432 651 2470; x_wconf 82' lang='lat' dir='ltr'><em>pei·</em></span> <span class='ocrx_word' id='word_1_303' title='bbox 691 2434 849 2462; x_wconf 85' lang='lat' dir='ltr'><em>manum</em></span> <span class='ocrx_word' id='word_1_304' title='bbox 888 2424 1080 2477; x_wconf 86' lang='lat' dir='ltr'><em>magistri</em></span> <span class='ocrx_word' id='word_1_305' title='bbox 1121 2423 1318 2474; x_wconf 82' lang='lat' dir='ltr'><em>Symonis</em></span> <span class='ocrx_word' id='word_1_306' title='bbox 1358 2423 1509 2462; x_wconf 89' lang='lat' dir='ltr'><em>notarii</em></span> <span class='ocrx_word' id='word_1_307' title='bbox 1544 2422 1689 2475; x_wconf 86' lang='lat' dir='ltr'><em>nostri,</em></span> <span class='ocrx_word' id='word_1_308' title='bbox 1729 2431 1839 2460; x_wconf 86' lang='lat' dir='ltr'><em>anno</em></span> <span class='ocrx_word' id='word_1_309' title='bbox 1887 2419 2039 2459; x_wconf 92' lang='lat' dir='ltr'><em>domini</em></span> 
     </span>
     <span class='ocr_line' id='line_1_36' title="bbox 182 2488 1614 2540; baseline 0.001 -12"><span class='ocrx_word' id='word_1_310' title='bbox 182 2490 242 2528; x_wconf 75' lang='lat' dir='ltr'><em>M.</em></span> <span class='ocrx_word' id='word_1_311' title='bbox 278 2488 367 2531; x_wconf 79' lang='lat' dir='ltr'><em>CC.</em></span> <span class='ocrx_word' id='word_1_312' title='bbox 405 2489 650 2529; x_wconf 73' lang='lat' dir='ltr'><em>Lxxxm.</em></span> <span class='ocrx_word' id='word_1_313' title='bbox 687 2491 820 2540; x_wconf 79' lang='lat' dir='ltr'><em>pridie</em></span> <span class='ocrx_word' id='word_1_314' title='bbox 854 2491 952 2530; x_wconf 76' lang='lat' dir='ltr'><em>Idus</em></span> <span class='ocrx_word' id='word_1_315' title='bbox 988 2492 1196 2532; x_wconf 87' lang='lat' dir='ltr'><em>Octobris.</em></span> <span class='ocrx_word' id='word_1_316' title='bbox 1231 2491 1462 2531; x_wconf 68' lang='lat' dir='ltr'><em>indictione</em></span> <span class='ocrx_word' id='word_1_317' title='bbox 1495 2491 1614 2530; x_wconf 84' lang='lat' dir='ltr'><em>xm.</em></span> 
     </span>
    </p>
   </div>
   <div class='ocr_carea' id='block_1_6' title="bbox 495 2563 1787 2603">
    <p class='ocr_par' dir='ltr' id='par_1_6' title="bbox 495 2563 1787 2603">
     <span class='ocr_line' id='line_1_37' title="bbox 495 2563 1787 2603; baseline 0 -10"><span class='ocrx_word' id='word_1_318' title='bbox 495 2563 542 2593; x_wconf 72' lang='lat' dir='ltr'><em>Ex</em></span> <span class='ocrx_word' id='word_1_319' title='bbox 569 2564 770 2603; x_wconf 64' lang='lat' dir='ltr'><em>originali</em></span> <span class='ocrx_word' id='word_1_320' title='bbox 796 2565 824 2594; x_wconf 85' lang='lat' dir='ltr'><em>in</em></span> <span class='ocrx_word' id='word_1_321' title='bbox 849 2566 984 2595; x_wconf 76' lang='lat' dir='ltr'><em>archivo</em></span> <span class='ocrx_word' id='word_1_322' title='bbox 1010 2565 1058 2596; x_wconf 87' lang='lat' dir='ltr'><em>M.</em></span> <span class='ocrx_word' id='word_1_323' title='bbox 1085 2566 1295 2596; x_wconf 76' lang='lat' dir='ltr'><em>Prior-atus</em></span> <span class='ocrx_word' id='word_1_324' title='bbox 1321 2565 1594 2596; x_wconf 72' lang='lat' dir='ltr'><em>Melitensium</em></span> <span class='ocrx_word' id='word_1_325' title='bbox 1620 2563 1787 2602; x_wconf 70' lang='lat' dir='ltr'><em>Pragac.</em></span> 
     </span>
    </p>
   </div>
  </div>
 </body>
</html>
