2138 2845
937 164 1040 204 293

64 314 330 356 continentur
361 310 615 366 priuilegiis7
655 319 732 361 per
764 307 976 359 predictos
1015 310 1174 358 patrem
1208 309 1249 346 et
1281 306 1385 346 alios
1421 307 1722 360 progenitores
1755 309 1924 345 nostros

65 383 174 424 iuste
207 385 332 433 atque
364 379 668 420 rationabiliter
709 381 805 417 sunt
836 378 1036 430 impensa7
1078 379 1169 415 rata
1212 379 1253 414 et
1285 379 1411 428 grata
1448 375 1661 428 habemus7
1696 378 1925 425 nostreque

65 451 284 504 potestatis
310 448 566 500 plenitudine
599 451 746 487 tenore
772 447 1024 498 presentium
1056 443 1355 484 confirmamus.
1404 444 1450 482 In
1484 445 1602 482 cuins
1637 442 1924 483 ratificationis

66 524 110 561 et
140 518 461 559 confirmationis
487 522 631 557 nostre
663 516 936 555 testimonium
970 518 1012 554 et
1035 514 1162 554 robur
1187 513 1400 564 perpetuis
1427 513 1682 563 temporibus
1707 513 1926 552 valiturum

67 599 247 641 presens
280 587 546 640 priuilegium
579 583 682 638 fieri,
716 588 758 623 et
789 584 944 638 sigillis
979 583 1134 623 nostris
1168 582 1451 622 mandauimus
1484 583 1735 620 communiri.
1774 582 1926 620 Actum

67 661 111 697 et
142 656 278 696 datum
311 657 350 694 in
384 654 657 708 Misenberg,
691 663 767 703 per
792 665 936 692 manus
968 653 1161 706 magistri
1187 652 1417 703 VVeleslai7
1452 650 1749 701 prothonotarii
1777 651 1925 703 nostri⁷

67 725 308 779 Pragensis
341 727 383 763 et
416 722 805 775 VVissegradensis
830 721 1106 760 ecclesiarum
1139 720 1344 760 canonici.
1385 720 1509 759 Anno
1535 719 1684 758 domini
1717 718 1927 758 millesimo

72 792 163 835 CC.
193 791 445 833 LXXXIV.
479 790 612 842 pridie
644 789 745 829 Idus
777 789 1052 842 Septembris.
1085 788 1318 829 Indictione
1352 788 1609 828 duodecima.

381 880 684 924 Apographum
708 882 739 913 in
764 881 1001 913 Annalibus
1027 880 1371 913 Gradicensibus
1397 878 1507 912 MSS.

877 995 1122 1038 CCXXIV.

77 1093 379 1145 Theodericus,
406 1093 630 1145 episcopus
649 1091 955 1140 Olomucensis,
976 1089 1197 1141 confirmat
1219 1089 1555 1141 compositionem
1581 1088 1665 1127 litis
1690 1087 1742 1126 de
1759 1086 1934 1126 decimis

130 1162 335 1201 ecclesiae
366 1163 410 1200 in
441 1160 629 1201 Pribice.
693 1160 766 1200 Dt.
799 1159 916 1211 apud
945 1158 1153 1209 Modra-e,
1185 1158 1324 1211 pridie
1356 1156 1461 1196 Idas
1495 1155 1702 1207 Octobris,
1743 1155 1893 1196 1284.

222 1254 539 1314 Theodericus
580 1270 647 1309 dei
690 1270 834 1324 gratia
876 1270 1101 1320 episcopus
1144 1268 1435 1309 olomucensis
1475 1269 1673 1322 ecclesie7
1724 1267 1937 1308 vniuersis

74 1341 338 1394 presencium
384 1340 578 1379 noticiam
627 1338 831 1378 habituris
879 1338 919 1376 in
970 1341 1224 1388 perpetuum.
1290 1337 1348 1377 Vt
1394 1349 1446 1376 ea
1495 1348 1576 1389 que
1625 1336 1937 1376 racionabiliter

76 1413 265 1465 aguntur
295 1421 321 1448 a
353 1409 550 1448 memoria
588 1419 672 1447 non
705 1407 903 1446 excidant
934 1410 1217 1457 posterorum:
1266 1406 1482 1446 Noueritis
1522 1406 1631 1457 quod
1665 1417 1742 1444 nos
1774 1405 1937 1444 litteras

73 1477 375 1519 honorabilium
414 1477 612 1529 virorum,
661 1475 813 1515 domini
853 1476 990 1515 Vlrici
1037 1475 1328 1516 olomucensis
1376 1476 1561 1515 ecclesie
1610 1475 1818 1528 canonici,
1858 1484 1938 1513 nec

74 1559 159 1588 non
189 1546 387 1601 magistri
421 1545 596 1584 Henrici
630 1544 682 1584 de
715 1544 828 1583 Vitis
861 1545 1053 1583 canonici
1087 1542 1422 1599 Cremsiriensis7
1457 1545 1534 1583 sub
1568 1543 1724 1598 sigillis
1757 1544 1939 1594 ipsorum

77 1620 122 1655 et
152 1615 304 1654 domini
345 1613 487 1653 Iacobi
520 1612 686 1652 abbatis
724 1611 962 1663 Samen-sis,
996 1623 1046 1650 ac
1081 1612 1230 1651 domini
1269 1612 1498 1652 Hermanni
1539 1612 1739 1663 prepositi
1772 1610 1938 1652 Chuni-

77 1684 229 1735 censis,
277 1694 359 1722 non
399 1681 671 1733 cancellatas,
722 1692 804 1719 non
843 1680 1035 1733 abolitas7
1086 1691 1165 1719 nec
1214 1681 1254 1719 in
1297 1682 1436 1732 aliqua
1484 1686 1604 1732 parte
1646 1681 1710 1719 sui
1758 1680 1939 1718 viciatas

76 1752 267 1806 vidimus,
305 1754 347 1791 et
380 1751 611 1805 diligenter
645 1748 935 1801 perspeximus
977 1759 1051 1799 per
1084 1749 1218 1787 omnia
1257 1748 1337 1788 hiis
1381 1750 1458 1788 sub
1499 1749 1668 1788 verbis:
1718 1747 1939 1787 I'niuersis

74 1823 290 1874 presentes
322 1819 481 1859 litteras
514 1819 779 1870 inspecturis.
850 1817 1019 1857 I'lricus
1054 1817 1346 1857 olomucensis
1380 1819 1623 1867 canonicus,
1665 1820 1703 1855 et
1740 1817 1939 1867 magister

78 1890 294 1930 Henricus
328 1888 379 1927 de
419 1888 523 1927 Vitis
549 1887 871 1928 Crem-siriensis
905 1887 1148 1936 canonicus,
1183 1886 1357 1925 satutem
1389 1890 1428 1924 et
1453 1887 1662 1925 sinceram
1696 1886 1740 1924 in
1773 1884 1940 1924 domino

79 1958 306 1996 caritatem.
368 1956 531 1996 Noseat
566 1956 819 1994 rniuersitas
861 1958 1013 2005 restra,
1060 1954 1172 2005 qaod
1209 1967 1336 2006 super
1377 1966 1507 1993 caasa
1547 1954 1818 2004 decimarum,
1867 1964 1944 2004 que

77 2025 184 2063 verti
230 2023 478 2076 sperabatur
525 2025 631 2062 inter
677 2022 962 2062 honorabilem
1015 2024 1194 2075 fratrem
1247 2024 1539 2062 Her-mannam
1586 2022 1739 2061 dictum
1788 2021 1943 2071 Homo,

78 2095 364 2145 preceptorem
402 2091 620 2130 domorum
653 2091 869 2141 hospitalis
910 2092 1223 2130 lerosolimitani
1262 2104 1338 2143 per
1371 2092 1604 2139 Remmiam,
1647 2090 1875 2129 Poloniam
1907 2091 1946 2128 et

81 2161 341 2211 Morauiam,
374 2161 540 2199 nomine
571 2159 734 2198 ordinis
767 2160 834 2198 sai
859 2161 898 2197 et
921 2159 1088 2210 plebani
1120 2160 1296 2198 ecclesie
1327 2160 1371 2198 in
1401 2159 1584 2211 Prihicz,
1618 2171 1676 2197 ez·
1694 2161 1815 2210 parte
1846 2170 1942 2208 rna,

83 2231 124 2269 et
150 2227 431 2268 venerabilem
462 2228 601 2266 cirum
624 2226 836 2266 dominum
862 2228 1154 2266 Hermannum
1177 2229 1434 2279 prepositum
1467 2230 1505 2265 et
1535 2230 1782 2265 conuentum
1807 2226 1943 2265 domi-

81 2309 234 2336 narum
250 2296 494 2335 monasterii
519 2294 799 2336 Chunicensis
820 2298 1216 2347 premonstratensis
1235 2296 1398 2335 ordinis
1426 2296 1717 2336 olomucensis
1737 2295 1933 2345 diocesis,

84 2376 143 2405 ex
182 2365 328 2415 altera,
376 2376 454 2416 per
494 2375 573 2402 nos
612 2364 846 2403 amicabilis
889 2366 1144 2417 composicio
1185 2366 1431 2415 intercessit,
1470 2364 1664 2404 videlicet
1700 2367 1743 2402 vt
1783 2363 1945 2401 decima

84 2433 235 2474 allodii
276 2433 376 2472 ville
409 2434 599 2483 Eywans
642 2431 699 2471 ad
729 2434 952 2472 ecclesiam
991 2434 1035 2472 in
1067 2433 1246 2473 Pribicz
1286 2434 1330 2472 in
1358 2434 1550 2485 satarum
1579 2432 1771 2484 plenarie
1803 2429 1947 2469 debeat

82 2503 305 2555 pertinere,
316 2501 500 2541 decimas
518 2502 812 2540 veromaiores
825 2504 863 2539 et
875 2502 1059 2541 minores
1078 2502 1275 2540 villarum
1295 2502 1338 2540 in
1349 2501 1581 2554 'l‘liopolan7
1603 2504 1641 2539 et
1663 2499 1942 2551 Ust·aiiotiicz7

87 2571 276 2623 exceptis
313 2571 450 2623 plenis
483 2569 656 2609 decimis
696 2573 787 2609 octo
819 2571 1034 2610 laneorum
1075 2571 1132 2610 ad
1170 2572 1379 2622 prefatam
1418 2571 1637 2609 ecclesiam
1678 2570 1717 2607 iu
1770 2566 1944 2606 I’ribicz
