2138 2845
970 194 1075 236 247

93 336 290 378 uidelicet
321 338 514 391 magistri
540 337 738 377 Iohannis
770 337 971 388 prepositi
998 335 1234 377 Satcensis.
1268 332 1484 376 Chunonis
1509 334 1658 375 decani
1681 335 1951 390 &vissegra-

95 405 253 446 densis.
276 406 475 446 Iohannis
501 406 725 447 Scolastici
753 409 795 445 et
826 405 1106 444 Bartholomei
1129 404 1424 443 canonicorum
1449 403 1781 446 Olomucensium
1804 409 1951 445 aucto-

94 476 219 515 ritate
267 476 386 514 nobis
429 475 527 514 data
576 487 601 514 a
642 474 822 525 capitulo
866 473 1130 514 olomucensi
1169 473 1363 512 inuocata
1405 473 1575 522 spiritus
1618 474 1749 512 sancti
1799 474 1952 527 gracia

95 544 259 584 nomine
292 555 381 583 meo
407 548 449 583 et
482 544 576 583 vice
601 554 692 582 mea
724 554 776 582 ac
804 542 1065 596 collegarum
1097 552 1276 581 meorum
1301 543 1343 580 et
1374 542 1468 580 uice
1493 541 1665 580 omnium
1689 541 1741 580 de
1769 542 1952 592 capitulo

98 611 388 653 olomucensis
409 613 592 651 ecclesie
609 611 809 650 dominum
827 610 1132 650 Theodericum
1154 610 1479 649 concanonicum
1499 612 1694 648 nostrum.
1711 610 1752 648 in
1769 614 1953 649 nostrum

96 684 140 720 et
171 684 314 720 nostre
356 680 539 720 ecclesie
580 680 697 733 eligo
736 679 1002 730 Episcopum.
1044 682 1087 718 et
1125 681 1333 729 pastorem
1373 681 1416 717 et
1455 678 1708 717 eleccionem
1749 678 1880 729 ipsam
1911 678 1954 717 in

96 749 267 799 scriptis
300 752 343 788 et
374 748 656 799 sollempniter
687 759 784 787 mox
817 748 979 798 publico
1011 747 1052 786 in
1085 747 1297 798 communj.
1346 746 1468 786 Licet
1499 750 1635 786 autem
1668 747 1760 798 ipse
1793 747 1955 786 electus

97 827 211 856 more
259 816 459 855 bonarum
498 817 697 855 mencium
744 816 872 867 primo
914 818 1031 855 esset
1068 815 1258 854 renitens
1297 814 1461 854 tandem
1501 815 1637 854 uictus
1677 826 1845 866 precum
1887 815 1955 855 in-

97 885 262 924 stancia
295 884 497 924 eleccioni
532 884 584 923 de
610 895 658 924 se
691 895 780 923 cum
812 885 957 924 timore
990 884 1205 923 consensit
1244 883 1407 923 Dictam
1440 884 1571 938 igitur
1603 883 1858 923 eleccionem
1890 884 1955 923 sic

97 953 302 992 canonice
335 956 377 992 et
409 954 691 1004 sollempniter
723 953 979 992 celebratam
1012 955 1053 991 et
1079 952 1322 1003 publicatam
1356 952 1396 991 in
1422 952 1635 1003 communj.
1670 963 1812 992 omnes
1845 964 1954 992 una-

97 1020 260 1061 nimiter
278 1021 511 1072 recepimus
530 1025 572 1061 et
590 1021 924 1073 approbauimus.
956 1021 1021 1060 'Pe
1040 1020 1158 1060 deum
1173 1020 1387 1060 laudamus
1405 1032 1517 1060 more
1536 1021 1657 1060 solito
1679 1021 1954 1060 decantantes

100 1088 412 1140 deportacionis
444 1090 746 1140 sollempnitate
786 1101 981 1144 congrua
1022 1088 1268 1128 accedente.
1341 1089 1599 1128 Reuerende
1637 1089 1770 1143 igitur
1810 1092 1955 1128 uestre

99 1159 337 1210 paternitatj
367 1159 555 1199 duximus
583 1160 832 1199 vnanimiter
857 1157 1169 1210 supplicandum
1194 1159 1238 1196 ut
1265 1168 1353 1196 cum
1380 1161 1525 1197 noster
1555 1157 1768 1209 predictus
1793 1158 1955 1196 electus

99 1231 269 1278 propter
309 1227 464 1266 uiarum
504 1227 742 1267 discrimina
791 1231 834 1267 et
871 1231 1057 1278 tempora
1096 1227 1300 1277 impacata
1345 1225 1398 1265 ad
1442 1229 1624 1266 vestram
1665 1226 1955 1277 paternitatem

99 1298 144 1335 ut
174 1294 405 1335 affectuose
443 1296 584 1348 uoluit7
618 1295 738 1335 nob1s
778 1298 913 1334 tamen
947 1298 1117 1346 propter
1154 1305 1308 1333 causas
1342 1294 1554 1345 predictas
1587 1294 1666 1334 sub
1699 1304 1777 1345 spe
1811 1297 1957 1333 vestre

100 1366 275 1414 paterne
314 1363 439 1402 uenie
477 1363 551 1402 uix
596 1363 726 1414 ipsum
765 1363 1042 1402 retinentibus
1092 1366 1275 1414 nequeat
1313 1363 1537 1402 accedere.
1575 1363 1808 1414 venerabilj
1851 1362 1959 1413 patri

99 1430 261 1471 domino
293 1459 304 1471 .
336 1461 347 1471 .
380 1431 597 1486 Pragensi
630 1432 843 1483 Episcopo
876 1431 1103 1486 digneminj
1137 1432 1254 1471 uices
1287 1435 1456 1471 uestras
1479 1433 1732 1471 committere
1765 1434 1808 1470 ut
1839 1431 1958 1470 elec-

99 1500 260 1539 cionem
293 1511 422 1551 supra
455 1500 605 1540 dictam
638 1501 956 1540 examinacione
984 1500 1175 1554 diligentj
1210 1500 1429 1551 prehabita
1454 1499 1714 1553 confirmare⁷
1748 1503 1789 1540 et
1812 1511 1958 1538 munus

100 1568 445 1607 consecracionis
493 1573 637 1608 nostro
685 1569 820 1608 electo
869 1568 1072 1622 dignetur
1117 1569 1235 1608 iuxta
1281 1567 1448 1608 formam
1496 1580 1699 1608 canonum
1747 1568 1958 1619 impertirj.

103 1640 310 1688 quatenus
343 1640 517 1677 auctore
556 1637 636 1676 deo
668 1636 790 1676 nobis
828 1637 943 1676 uelut
973 1637 1164 1688 ydoneus
1203 1641 1348 1688 pastor
1386 1642 1428 1677 et
1466 1638 1540 1677 toti
1582 1637 1758 1689 dyocesi
1797 1637 1839 1676 in
1877 1636 1959 1687 hijs

103 1715 185 1757 que
218 1705 272 1745 ad
311 1706 563 1757 Episcopum
605 1707 799 1756 spectant
846 1715 1025 1756 preesse
1064 1705 1206 1744 ualeat
1245 1708 1287 1744 et
1326 1705 1545 1756 prodesse.
1608 1706 1783 1756 Nosque
1816 1708 1858 1744 et
1889 1704 1957 1757 alij

102 1773 184 1813 sibi
228 1774 435 1813 commissi
467 1774 546 1813 sub
587 1774 679 1813 eius
721 1784 846 1813 sacro
880 1773 1088 1827 regimine
1121 1774 1328 1824 possimus
1362 1773 1441 1814 deo
1481 1774 1707 1813 salubriter
1739 1773 1957 1812 militando.

103 1841 214 1882 bene
245 1843 393 1882 uiuere
427 1846 469 1882 et
500 1840 679 1882 feliciter
706 1843 943 1882 terminare.
988 1842 1046 1881 vt
1074 1846 1210 1882 autem
1243 1843 1416 1882 omnium
1448 1848 1631 1882 nostrum
1665 1846 1762 1881 uota
1797 1842 1836 1881 in
1859 1852 1960 1893 pre-

104 1909 226 1949 dictis
258 1911 444 1949 omnibus
478 1915 520 1950 et
543 1911 726 1965 singulis
758 1909 1057 1950 concordasse.
1084 1914 1127 1949 et
1159 1911 1200 1949 in
1221 1910 1331 1949 hanc
1365 1910 1618 1949 eleccionem
1646 1914 1687 1949 et
1712 1911 1959 1961 peticionem

104 1978 333 2016 conuenire
350 1980 546 2018 noscatis.
565 1979 815 2033 benignitatj
836 1982 980 2017 vestre
998 1979 1233 2018 reuerende
1252 1982 1371 2029 pater
1389 1979 1467 2017 hoc
1485 1979 1726 2018 canonicum
1747 1978 1960 2018 decretum

105 2046 294 2085 mittimus
328 2046 563 2087 roboratum
604 2048 782 2098 propriis
814 2047 1002 2087 manibus
1043 2050 1084 2086 et
1115 2047 1405 2097 subscriptum.
1446 2051 1487 2087 et
1527 2047 1579 2086 ad
1619 2048 1812 2086 maiorem
1851 2058 1958 2086 cau-

105 2113 227 2153 telam
250 2114 393 2167 sigillo
419 2115 585 2165 capituli
609 2116 740 2155 nostri
763 2119 805 2155 et
831 2117 960 2155 eciam
986 2116 1164 2166 propriis
1191 2116 1258 2167 qui
1285 2117 1451 2166 propria
1476 2116 1691 2155 habuimus
1717 2116 1959 2170 sigillatum.

106 2182 255 2222 Actum
289 2185 330 2220 et
356 2182 492 2222 datum
526 2182 726 2223 Olomucii
759 2184 800 2222 in
832 2184 1031 2224 Ecclesia
1055 2184 1190 2223 sancti
1215 2184 1344 2223 Petri.
1377 2185 1501 2224 Anno
1535 2184 1683 2236 dominj
1717 2184 1956 2224 Millesimo.

107 2247 198 2290 CC.
230 2248 446 2289 Lxxxs.
478 2250 575 2290 Vll.
608 2251 828 2291 Kalendas
861 2251 1031 2302 Aprilis.

226 2318 326 2371 Ego
367 2318 590 2358 Budislaus
630 2319 818 2360 decanus
860 2319 1146 2360 Olomucensis
1178 2321 1363 2360 ecclesie
1401 2324 1445 2360 ut
1477 2321 1703 2372 predictum
1743 2324 1810 2360 est
1841 2321 1959 2374 elegi

107 2390 148 2426 et
182 2387 347 2437 propria
389 2399 508 2426 manu
541 2387 787 2438 subscripsi.
828 2388 928 2441 Ego
962 2388 1140 2427 Alexius
1179 2390 1415 2440 prepositus
1456 2390 1732 2430 olomucensis
1774 2389 1959 2428 ecclesie

107 2454 203 2495 huic
245 2455 450 2494 eleccioni
491 2454 656 2497 interfui
699 2457 896 2496 consensi
936 2460 978 2496 et
1017 2457 1183 2508 propria
1223 2469 1342 2497 manu
1381 2458 1627 2510 subscripsi.
1675 2459 1775 2512 Ego
1817 2455 1958 2508 Cyrus

107 2523 428 2562 archidiaconus
462 2524 737 2563 olomucensis
763 2525 960 2564 Ecclesie
993 2524 1086 2564 huic
1114 2526 1315 2566 eleccioni
1349 2527 1526 2568 interfui.
1555 2528 1750 2567 consensi
1785 2529 1826 2565 et
1859 2537 1959 2576 pro-

109 2593 198 2645 pria
230 2605 348 2634 manu
380 2592 625 2646 subscripsi.
659 2593 760 2648 Ego
793 2593 1004 2634 Iohannes
1036 2594 1287 2636 scolasticus
1311 2595 1600 2637 olomucensis
1635 2595 1830 2636 Ecclesie
1862 2594 1957 2634 huic
