2138 2845
1049 174 1156 213 314

1012 312 1187 356 CCXL.

175 410 461 461 Wimceslaus2
493 421 578 449 rem
601 409 806 450 Boemiae
837 411 875 448 et
905 407 1096 448 marchio
1122 408 1360 459 Mor-aviae,
1394 407 1523 448 donat
1552 410 1772 463 Heinrico,
1807 414 2027 466 capellano

195 480 236 518 et
263 478 426 519 medico
458 490 550 530 suo,
583 477 690 518 bona
722 479 767 517 in
799 477 950 518 Powel
969 478 1105 529 Juoeca
1139 476 1417 516 Olomucium.
1472 478 1546 518 Dc.
1579 478 1771 531 Brumae,
1811 481 1858 522 V.
1890 481 1996 522 Idus

914 546 1079 596 Martii,
1119 544 1271 586 1286.

267 637 599 700 Wencezlaus
633 656 701 696 dei
734 657 889 711 gracia
922 667 1003 696 rex
1035 656 1222 709 Boemie,
1263 659 1304 696 et
1343 657 1527 697 marchio
1560 658 1778 713 Morauie3
1811 659 2028 700 Medicine

161 727 339 766 scientia
372 738 446 777 pro
479 726 705 765 mortalium
738 725 947 766 commodo
982 725 1178 764 diuinitus
1219 724 1440 780 destinata,
1481 727 1739 779 principibus
1773 739 1872 768 esse
1911 731 2027 768 tanto

160 795 287 835 debet
311 794 539 849 acceptior,
565 798 719 846 quanto
745 794 866 835 dator
898 795 1029 846 ipsius
1064 794 1290 846 percipitur
1323 795 1364 834 in
1397 794 1491 834 doni
1518 795 1749 850 largitione
1782 797 2026 851 benignior,

161 867 204 905 et
250 875 327 915 per
372 875 462 903 eam
502 864 700 917 sospitas,
751 875 833 916 qua
879 875 950 903 res
996 863 1106 903 nulla
1151 863 1332 917 gratior,
1380 867 1519 914 potest
1564 865 1722 904 certius
1774 868 1816 905 et
1864 865 2027 904 diucius

158 934 415 985 presel-uari.
491 933 626 973 Huius
668 936 806 973 autem
852 933 1025 984 peritum
1072 932 1252 972 scientie
1302 932 1415 972 uelut
1464 933 1755 973 incolumitatis
1802 937 1844 973 et
1886 934 2026 974 leticie

158 1005 420 1042 seruatorem
455 1002 638 1053 primitus
672 1002 910 1055 acquirere,
943 1001 1187 1052 acquisitum
1221 1000 1421 1055 diligere,
1462 1001 1654 1040 dilectum
1687 1001 1847 1041 donare
1879 1012 2026 1041 mune-

159 1071 290 1124 ribus,
310 1074 351 1110 et
377 1070 604 1110 honoribus
631 1071 757 1110 debet
783 1082 862 1110 rex
887 1070 1059 1122 quilibet
1086 1069 1306 1110 decorare.
1350 1071 1445 1109 Hac
1471 1081 1581 1124 ergo
1609 1070 1771 1109 ratione
1796 1070 2027 1110 commoniti

157 1140 392 1179 honorabili
427 1140 517 1180 viro
551 1140 756 1194 magistro
790 1140 994 1189 Hem-ico,
1028 1138 1245 1190 capellano
1288 1141 1329 1178 et
1362 1138 1521 1178 medico
1554 1142 1713 1192 nostro,
1748 1139 1856 1178 bona
1890 1139 2026 1178 omnia

157 1208 199 1247 in
231 1208 382 1247 Powel
413 1209 528 1248 iuxta
561 1209 771 1248 ciuitatem
805 1210 985 1247 nostram
1020 1206 1336 1247 Olomucensem
1370 1218 1460 1247 cum
1484 1207 1608 1261 agris
1637 1207 1759 1247 cultis
1785 1211 1826 1247 et
1845 1207 2025 1260 incultis,

158 1277 303 1329 pratis,
339 1278 522 1330 pascuis,
557 1277 729 1330 rubetis,
763 1277 897 1329 aquis,
931 1287 1129 1327 aquarum
1170 1275 1434 1329 decursibus,
1475 1275 1734 1329 molendinis,
1775 1273 1950 1315 edificiis
1983 1278 2026 1315 et

160 1345 349 1384 omnibus
391 1348 436 1384 et
478 1345 662 1399 singulis
701 1346 930 1384 attinentiis
965 1348 1007 1383 et
1048 1344 1206 1383 iuribus
1240 1343 1465 1383 eorundem
1499 1345 1786 1383 concessimus
1820 1346 2024 1394 perpetuo

158 1413 294 1453 libere
350 1413 626 1464 possidenda:
677 1413 828 1453 dantes
878 1413 1011 1452 eidem
1064 1413 1269 1466 magistro
1316 1413 1504 1451 Heni-ico
1555 1412 1717 1462 plenam
1764 1414 1806 1451 et
1850 1411 2025 1451 liberam

158 1479 396 1521 facultatem
429 1482 592 1521 locandi
627 1485 668 1522 et
700 1481 975 1521 committendi
1015 1492 1081 1535 ea,
1123 1482 1357 1532 cuicunque
1397 1481 1476 1520 sibi
1518 1480 1737 1534 placuerit,
1777 1480 2024 1520 obieccione

157 1550 227 1589 uel
261 1549 603 1590 contradiccione
636 1550 821 1602 qualibet
853 1561 935 1589 non
969 1549 1174 1589 obstante.
1240 1548 1428 1597 Quinimo
1462 1549 1584 1602 illum,
1629 1548 1872 1600 cuicumque
1914 1548 2025 1588 dicta

158 1619 269 1659 bona
303 1619 553 1658 commiserit
576 1630 653 1659 seu
686 1618 904 1671 locauerit,
932 1628 1030 1656 esse
1064 1617 1249 1656 uolumus
1275 1620 1316 1656 et
1339 1620 1488 1656 tenere
1512 1617 1590 1656 sub
1620 1615 1867 1656 defensione
1891 1617 2025 1657 nostri

158 1688 345 1726 culminis
377 1687 566 1738 speciali.
630 1687 857 1727 Eximimus
891 1697 1055 1739 quoque
1089 1687 1199 1726 dicta
1233 1687 1342 1726 bona
1375 1698 1464 1725 cum
1499 1685 1688 1724 omnibus
1722 1685 1950 1724 attinentiis
1983 1687 2026 1724 et

156 1756 316 1797 iuribus
349 1757 649 1808 suprascriptis
683 1769 706 1795 a
741 1759 949 1807 potestate
982 1767 1060 1795 seu
1101 1755 1389 1795 iurisdictione
1423 1754 1572 1794 iudicis
1606 1754 1889 1807 prouincialis,
1923 1765 2024 1804 pur-

157 1824 318 1864 clirauii
366 1827 408 1864 et
449 1825 577 1864 villici
629 1824 963 1864 Olomucensium
1006 1827 1047 1863 et
1097 1824 1270 1863 alterius
1319 1824 1541 1863 cuiuslibet
1584 1821 1770 1862 ollicialis
1813 1823 2023 1876 Morauie,

156 1893 422 1932 collectorum
457 1893 525 1933 vel
557 1896 815 1946 exactorum,
840 1896 921 1932 tam
946 1892 1202 1943 presentium
1225 1903 1343 1943 quam
1370 1892 1491 1930 etiam
1516 1889 1758 1944 futurorum,
1777 1890 2023 1930 mandantes

158 1962 220 2001 eis
259 1965 406 2002 tenore
449 1962 701 2012 presentium
745 1960 914 2001 firmiter
954 1964 995 2001 et
1034 1962 1215 2015 precise,
1256 1964 1463 2012 quatenus
1503 1971 1593 1999 cum
1634 1959 1755 1999 dictis
1795 1959 1915 1999 bonis
1955 1959 2023 1999 uel

157 2042 247 2069 cum
281 2031 388 2070 dicto
423 2032 628 2084 magistro
670 2031 870 2083 Henrico,
912 2029 979 2069 uel
1020 2030 1101 2084 illo,
1141 2030 1384 2080 cuicumque
1427 2028 1677 2068 commiserit
1709 2038 1786 2066 seu
1818 2027 2023 2068 locauerit

157 2097 263 2150 ipsa,
297 2098 421 2137 nichil
454 2100 679 2150 disponere
706 2100 904 2153 habeant,
924 2098 998 2138 sed
1028 2109 1079 2138 ea
1105 2099 1339 2150 permittant
1363 2101 1405 2138 et
1429 2108 1503 2136 eos
1528 2097 1581 2136 ab
1606 2096 1713 2136 omni
1737 2096 2022 2136 iurisdictione

157 2176 208 2203 ac
241 2167 444 2205 seruitute
477 2171 519 2207 et
558 2169 787 2207 uexatione
830 2167 1015 2220 qualibet
1056 2167 1191 2206 libere
1232 2178 1283 2207 ac
1325 2164 1498 2218 pacifice
1539 2176 1801 2217 permanere.
1872 2165 2021 2204 Nullus

158 2245 269 2287 ergo
322 2235 590 2290 subditorum,
632 2238 928 2288 cuiuscumque
976 2235 1226 2275 conditionis
1273 2235 1498 2288 exstiterit,
1549 2237 1788 2285 presentem
1837 2237 2021 2273 nostram

156 2302 473 2341 concessionom
508 2305 546 2342 in
581 2305 717 2355 aliquo
751 2306 909 2344 uiolare
943 2307 1166 2356 presumat.
1229 2303 1372 2355 Siquis
1405 2307 1541 2343 autem
1573 2304 1825 2343 contrarium
1857 2301 2019 2355 fecerit,

157 2374 300 2422 preter
333 2369 660 2423 indignationem
695 2377 890 2427 nostram,
924 2384 1043 2424 quam
1078 2373 1168 2423 ipso
1202 2370 1313 2412 sacto
1348 2372 1578 2411 incurrisse
1611 2383 1660 2411 se
1693 2371 1869 2423 nouerit,
1895 2379 2018 2422 pene,

159 2450 278 2490 quani
319 2438 371 2477 de
414 2439 503 2488 ipso
553 2439 758 2479 mediante
806 2442 970 2481 iusticia
1018 2442 1326 2496 dictauerimus,
1375 2441 1624 2481 subiacebit.
1695 2440 1741 2478 ln
1789 2438 1906 2477 cuius
1956 2438 2018 2476 rei

157 2507 430 2547 testimonium
465 2510 505 2546 et
539 2507 665 2546 robur
698 2506 863 2548 firmiter
896 2511 1112 2549 ualiturum
1147 2521 1325 2561 presens
1359 2510 1623 2563 priuilegium
1657 2506 1758 2559 sieri,
1792 2508 1832 2545 et
1862 2505 2016 2559 sigillis

160 2577 313 2616 nostris
347 2575 517 2616 fet-imus
550 2578 798 2617 communiri.
875 2580 1023 2617 llatuin
1067 2579 1237 2618 Brunne
1279 2590 1354 2629 per
1396 2590 1541 2617 manus
1581 2575 1773 2628 magistri
1816 2573 2015 2613 Iohannis
