2138 2845
1047 158 1153 200 340

165 310 257 360 ipsa
290 307 458 346 ciuitate
485 303 709 357 Luthouia,
743 302 980 354 piscatores
1013 300 1177 355 ibidem,
1211 311 1294 340 vna
1322 299 1479 353 domuS,
1502 299 1582 339 duo
1615 299 1725 340 lanei
1748 302 1789 341 in
1816 300 2023 343 Swarcz-

160 376 272 429 pach
304 380 346 415 et
379 374 458 414 duo
491 373 602 413 lanei
636 383 694 412 ex
725 372 861 411 altera
895 373 1015 422 parte
1048 370 1229 409 ciuitatis
1262 369 1386 420 empti
1417 369 1460 408 in
1491 367 1611 408 bonis
1644 381 1726 409 non
1757 372 1910 426 regiis,
1944 371 2023 411 orti

162 445 205 485 in
243 445 413 495 antiqua
453 443 632 493 ciuitate,
677 453 800 481 vnum
839 440 1045 493 balneum,
1086 439 1166 478 duo
1207 438 1395 493 macella,
1435 437 1540 477 duas
1579 448 1763 492 mensas,
1796 440 1837 477 in
1871 439 2023 491 quibus

162 512 284 564 panis
326 511 535 565 venditur,
575 513 617 550 et
656 510 826 563 curiam,
869 519 949 560 que
981 504 1204 547 Kwtelhof
1239 506 1389 546 dicitur
1419 506 1676 561 vvlgariter,
1719 506 1760 545 in
1793 517 1874 558 qua
1906 508 2024 546 occi-

162 580 314 620 duntur
347 591 517 633 pecora,
551 589 631 630 que
665 578 798 616 omnia
831 577 1026 627 antiquus
1068 575 1197 615 iudex
1230 575 1362 615 libera
1402 574 1454 614 ab
1489 575 1595 614 omni
1628 574 1860 614 exaccione
1893 575 2025 614 tenuit

161 648 216 688 ad
257 647 449 687 iudicium
489 645 785 697 supradictum.
848 645 1098 684 Declarauit
1138 647 1335 696 preterea
1377 643 1496 683 nobis
1538 643 1645 683 idem
1684 643 1738 683 H.
1771 643 1900 683 iudex
1932 643 2026 683 Lu-

159 717 316 771 thouie,
350 716 458 768 quod
491 715 722 755 auunculus
754 724 857 753 suus
890 713 1105 764 predictus
1139 716 1316 764 quatuor
1347 712 1511 766 laneos,
1531 712 1819 765 molendinum,
1852 711 2025 766 domum,

160 787 367 839 balneum,
395 785 582 839 macella,
609 795 778 823 mensas
803 783 923 834 panis
949 785 989 821 et
1015 782 1170 821 curiam
1196 779 1418 821 Kwtelhof
1440 779 1603 832 prefata
1628 779 2026 832 superuenientibus

160 854 489 895 necessitatibus
524 852 767 905 quibusdam
801 850 990 891 vendidit
1022 853 1064 890 et
1097 849 1207 890 dicta
1241 849 1351 890 bona
1380 850 1484 889 alios
1516 849 1727 889 transtulit
1759 850 1799 888 in
1826 847 2025 903 heredes,

161 934 218 962 ex
250 934 329 974 quo
363 922 442 961 sibi
476 926 518 961 et
551 921 701 961 iudicio
741 920 924 960 ciuitatis
958 919 1168 959 Luthouie
1208 930 1308 959 esse
1347 918 1510 958 multum
1542 918 1725 957 asseruit
1759 916 2025 971 derogatum,

159 995 203 1032 et
235 992 380 1044 petiuit
417 1004 442 1031 a
481 991 617 1045 nobis,
657 993 703 1031 vt
742 990 999 1029 donaciones
1039 989 1170 1040 patris
1209 988 1339 1028 nostri
1381 990 1424 1027 et
1466 986 1684 1026 libertates
1725 985 1777 1024 de
1820 984 2025 1035 predictis

159 1061 281 1102 bonis
315 1061 520 1101 auunculo
560 1071 636 1100 suo
671 1063 712 1099 et
752 1059 903 1098 iudicio
944 1057 1125 1097 cluitatis
1165 1057 1376 1097 Luthouie
1415 1066 1665 1108 concessas,
1707 1064 1836 1106 super
1876 1053 2026 1105 quibus

160 1130 464 1170 donacionibus
506 1133 548 1169 et
588 1129 852 1169 libertatibus
893 1127 1016 1166 iurati
1057 1129 1099 1165 et
1138 1126 1255 1165 ciues
1294 1125 1503 1166 Luthouie
1541 1123 1752 1164 laudabile
1792 1125 1835 1162 et
1874 1121 2027 1162 efficax

158 1200 436 1239 testimonium
468 1199 745 1252 protulerunt,
769 1195 980 1236 ratificare
1014 1199 1056 1236 et
1082 1193 1326 1235 confirmare
1353 1198 1497 1234 nostra
1523 1194 1733 1233 serenitas
1758 1191 2025 1246 dignaretur.

159 1266 422 1319 Supplicauit
462 1267 593 1306 eciam
636 1266 758 1306 nobis
792 1267 898 1305 idem
941 1266 1082 1319 iudex,
1125 1267 1169 1304 ut
1208 1264 1261 1303 ad
1303 1264 1382 1303 hoc
1422 1263 1695 1314 preberemus
1735 1261 1951 1301 licenciam
1984 1262 2027 1299 et

159 1348 393 1390 assensum,
436 1336 544 1388 quod
577 1336 670 1387 ipse
710 1335 913 1375 vniuersa
952 1334 1062 1373 bona
1096 1344 1176 1383 que
1209 1332 1438 1372 auunculus
1478 1344 1580 1371 suus
1615 1328 1804 1382 prefatus
1837 1327 2026 1369 vendidit

159 1408 203 1445 et
234 1405 432 1444 alienauit
471 1415 719 1457 quocunque
759 1403 876 1443 modo
910 1414 935 1441 a
969 1401 1157 1452 predicto
1198 1400 1349 1440 iudicio
1390 1401 1571 1440 ciuitatis
1612 1399 1821 1438 Luthouie
1862 1409 1935 1449 pro
1975 1407 2025 1436 se

157 1478 201 1514 et
233 1474 461 1513 heredibus
502 1475 591 1513 suis
633 1473 686 1512 ad
720 1472 826 1512 idem
860 1470 1051 1510 iudicium
1090 1470 1235 1509 iterum
1268 1480 1344 1508 sua
1379 1469 1557 1520 pecunia
1589 1468 1731 1507 valeat
1763 1476 2024 1517 comparare.

157 1542 248 1584 Nos
282 1547 418 1582 autem
452 1542 628 1594 predicti
654 1542 707 1581 ΙΙ.
733 1541 882 1581 iudicis
907 1539 1117 1579 Luthouie
1143 1538 1306 1578 deuotis
1332 1537 1529 1588 precibus
1555 1536 1740 1575 inclinati
1765 1534 2024 1574 donaciones

158 1615 200 1651 et
230 1611 463 1664 libertates,
497 1622 577 1662 que
611 1610 708 1649 date
738 1612 834 1648 sunt
865 1611 907 1647 et
930 1606 1097 1647 suerunt
1131 1618 1206 1658 per
1239 1609 1396 1657 patrem
1423 1607 1621 1657 nostrum,
1655 1601 1789 1643 felicis
1817 1601 2025 1642 recorda-

155 1681 304 1732 cioniS,
338 1680 390 1719 ad
420 1680 610 1719 iudicium
643 1679 824 1718 ciuitatis
852 1677 1061 1717 Luthouie
1095 1677 1212 1715 iuxta
1244 1674 1516 1715 testimonium
1543 1674 1766 1712 iuratorum
1800 1674 1842 1710 et
1874 1671 2025 1710 ciuium

155 1749 288 1802 ipsius
321 1750 502 1789 ciuitatis
536 1752 651 1788 ratas
676 1748 876 1787 habemus
910 1749 951 1786 et
977 1756 1053 1785 eas
1086 1744 1139 1784 de
1164 1744 1339 1795 speciali
1369 1746 1510 1783 nostra
1536 1742 1690 1796 gracia
1724 1738 2025 1792 confirmamus,

155 1819 364 1871 volentes,
396 1822 440 1858 ut
473 1818 607 1857 dictus
641 1817 693 1856 11.
721 1815 848 1855 iudex
878 1814 1066 1866 predicte
1100 1813 1282 1853 ciuitatis
1310 1812 1515 1852 Luthouie
1549 1814 1590 1850 et
1617 1809 1802 1849 heredes
1834 1808 1899 1848 sui
1932 1808 2024 1847 sin-

156 1888 247 1942 guli
281 1888 412 1938 ipsum
455 1887 647 1926 iudicium
689 1885 868 1925 ciuitatis
908 1883 1117 1923 Luthouie
1151 1893 1241 1921 cum
1283 1881 1484 1932 predictis
1523 1878 1760 1918 attinenciis
1792 1876 2022 1929 vniuersis,

152 1959 371 2006 postquam
398 1966 473 2006 per
505 1966 580 1994 eos
612 1957 746 2005 empta
766 1951 933 2005 suerint,
960 1951 1093 1990 libere
1115 1950 1298 1989 debeant
1324 1952 1523 2000 perpetuo
1552 1946 1785 1999 possidere.
1825 1944 2024 1985 Predicto

154 2023 208 2063 H.
243 2025 364 2062 iudici
393 2024 603 2063 Luthouie
629 2024 771 2062 harum
804 2021 1037 2061 testimonio
1064 2019 1353 2072 indulgentes,
1387 2020 1432 2057 vt
1458 2018 1657 2056 vniuersa
1691 2026 1773 2067 que
1807 2013 2023 2066 predictus

155 2093 388 2132 auunculus
431 2105 532 2133 suus
574 2092 761 2133 vendidit
804 2093 845 2129 et
885 2089 1098 2141 alienauit,
1140 2099 1164 2126 a
1206 2086 1393 2138 predicto
1435 2086 1585 2125 iudicio
1627 2088 1698 2124 aut
1731 2083 2025 2135 equiualencia

158 2160 239 2199 illis
272 2161 363 2199 loco
391 2162 547 2201 illorum
582 2173 655 2212 pro
689 2173 765 2199 sua
791 2159 960 2210 propria
988 2157 1166 2208 pecunia
1194 2157 1307 2194 iuxta
1333 2154 1511 2194 debitam
1538 2153 1848 2193 estimacionem
1874 2152 2025 2191 iterato

157 2239 298 2268 emere
334 2229 488 2282 valeat,
523 2229 864 2268 conti-adiecione
898 2225 1084 2277 qualibet
1126 2236 1208 2264 non
1241 2223 1450 2277 obstante,
1493 2226 1535 2262 et
1568 2234 1620 2262 ea
1654 2234 1738 2262 vna
1771 2232 1860 2260 cum
1895 2220 2025 2260 here-

160 2296 281 2335 dibus
316 2297 404 2334 suis
439 2301 639 2347 perpetuo
667 2300 810 2337 toneat
843 2296 975 2334 libera
1009 2297 1051 2334 et
1075 2296 1283 2346 exempta,
1317 2292 1396 2331 hoc
1422 2291 1511 2331 solo
1538 2293 1737 2344 excepto,
1770 2289 1879 2341 quod
1905 2287 2025 2328 nobis

158 2365 264 2404 idem
299 2364 527 2403 llcinricus
563 2365 689 2403 iudex
723 2369 764 2404 et
786 2364 969 2403 heredes
1002 2364 1065 2403 sui
1094 2363 1146 2402 de
1181 2364 1271 2413 ipso
1298 2361 1448 2401 iudicio
1482 2360 1662 2400 ciuitatis
1689 2358 1898 2398 Luthouie
1933 2367 2025 2400 cum

156 2433 357 2484 predictis
391 2433 627 2472 attinenciis
657 2434 868 2472 vniuersis
904 2445 1025 2472 vnam
1059 2431 1268 2471 marcham
1301 2431 1405 2483 auri,
1439 2430 1507 2469 vel
1534 2429 1678 2468 decem
1704 2426 1898 2467 marchas
1932 2425 2023 2474 puri

154 2503 327 2556 argenti
362 2502 533 2541 soluere
567 2501 687 2539 arinis
721 2502 904 2554 singulis
939 2513 1094 2541 census
1136 2501 1299 2540 nomine
1340 2502 1574 2538 teneantur.
1638 2496 1704 2537 Ad
1738 2496 1818 2534 hoc
1852 2495 1887 2532 si
1922 2504 2023 2544 pre-

155 2570 290 2613 dictus
307 2572 359 2611 H.
382 2570 508 2610 iudex
532 2569 738 2610 Luthouie
759 2570 1030 2609 molendinum
1052 2570 1276 2610 alienatum
1300 2581 1325 2609 a
1349 2567 1498 2607 iudicio
1524 2577 1600 2607 suo
1625 2566 1797 2616 propter
1817 2559 2023 2602 defectum
