2138 2845
1007 154 1073 196 37

109 307 229 347 quam
270 297 348 334 itur
388 297 440 335 de
482 296 633 337 Castro
666 295 922 337 Stet-uberch,
960 307 1110 335 uersus
1150 297 1355 335 Lasczan
1398 296 1546 334 villam.
1587 299 1827 336 monasterii
1869 302 1965 337 sunt

108 370 214 403 mete
249 376 329 415 que
364 366 497 419 vvlgo
531 365 719 404 ln·anicie
754 369 1054 416 nuncupantur.
1100 364 1268 403 Deinde
1298 364 1458 402 directe
1494 376 1568 415 per
1601 363 1762 405 fluuium
1791 365 1966 405 mesnil:

109 433 177 483 qui
210 431 309 472 facit
341 439 487 472 metam
521 439 585 473 est
618 434 806 487 eundem7
846 444 978 485 usque
1012 433 1064 472 311
1098 433 1305 486 originem
1339 444 1453 470 suam
1487 438 1528 471 et
1562 433 1614 471 ibi
1649 438 1715 472 cst
1748 438 1855 472 meta
1888 446 1965 484 po-

110 501 190 540 sita
225 513 305 552 que
339 503 474 555 vvlgo
509 503 657 541 dicitur
689 504 877 552 Kopecz.
925 501 1091 541 Deinde
1131 501 1291 540 directe
1332 505 1449 539 trans
1491 504 1663 539 montem
1698 502 1965 551 procedendo

109 573 205 608 sunt
237 575 343 608 mete
378 582 458 621 que
495 570 625 624 vulgo
660 570 847 609 111-3111919
882 571 1084 609 dicuntur.
1126 580 1260 620 usque
1293 569 1344 608 ad
1377 567 1539 608 fluuium
1574 568 1767 608 Debrnilc
1799 570 1867 608 ubi
1902 574 1968 608 est

109 642 217 677 meta
257 649 337 689 que
380 639 511 691 vulgo
553 638 702 677 dicitur
742 639 931 689 Kopecz.
989 637 1067 686 Qui
1112 636 1258 676 fluuius
1301 648 1377 688 per
1418 648 1639 676 ascensum
1680 636 1781 676 facit
1820 641 1967 676 metam

109 717 243 757 usque
276 706 328 744 ad
361 718 477 745 suam
511 707 719 759 originem
754 711 796 746 et
828 707 883 745 ibi
917 710 983 746 est
1015 709 1149 757 posita
1181 710 1289 745 meta
1323 717 1402 757 que
1435 706 1570 760 vvlgo
1604 706 1754 745 dicitur
1777 707 1967 757 Kopecz.

109 773 278 814 Deinde
312 785 387 824 per
420 774 619 813 directum
652 774 787 813 eundo
821 778 916 813 sunt
948 776 1077 828 signa
1111 786 1190 825 que
1216 774 1350 828 vvlgo
1385 774 1572 814 hranicie
1599 775 1800 814 dicuntur.
1834 785 1968 826 usque

110 841 165 880 ad
199 842 306 880 viam
340 842 555 893 publicam.
591 854 670 893 que
703 842 837 896 vvlgo
872 843 1020 882 dicitur
1053 843 1184 882 rudna
1218 845 1363 882 ciesta.
1411 842 1503 891 Que
1537 843 1604 882 via
1637 854 1790 882 versus
1824 844 1969 882 orien-

107 913 189 948 tem
235 908 334 949 facit
380 915 539 949 metam.
587 922 677 949 cum
726 912 865 965 signis
916 922 996 962 que
1043 912 1178 964 vvlgo
1226 911 1417 950 dicuntur
1457 911 1608 961 Kopci.
1649 915 1768 951 trans
1808 910 1968 950 fluuios.

112 978 275 1017 scilicet
306 978 557 1018 Lodtnnice.
592 980 830 1018 Hrussowi.
865 979 982 1020 Sirz.
1026 990 1161 1029 vsque
1205 980 1255 1017 ad
1299 984 1461 1030 pontem
1502 978 1610 1018 fluuii
1645 980 1858 1018 Bisa-ieie.
1901 980 1969 1018 ubi

111 1046 225 1085 circa
259 1052 421 1097 pontem
457 1048 629 1097 positum
663 1051 728 1086 est
760 1048 940 1099 signum.
974 1049 1039 1098 qui
1074 1048 1208 1100 vvlgo
1242 1048 1391 1086 dicitur
1423 1049 1610 1097 Kopecz.
1660 1048 1830 1086 Fluuius
1865 1059 1969 1087 vero

111 1115 310 1154 Bistricie
359 1126 434 1165 per
475 1115 722 1153 descensum
769 1113 901 1152 fluens
949 1113 1048 1152 facit
1087 1119 1245 1153 metam.
1286 1126 1419 1165 usque
1460 1115 1513 1153 ad
1553 1116 1684 1153 locum
1725 1117 1791 1166 qui
1834 1116 1970 1169 vvlgo

113 1184 261 1223 dicitur
293 1183 529 1234 Bycholino
558 1183 667 1234 pole.
714 1182 881 1221 Deinde
916 1183 1074 1220 directe
1108 1182 1376 1232 procedendo
1420 1194 1494 1233 per
1533 1185 1715 1221 semitam
1750 1195 1884 1235 vsque
1917 1184 1971 1222 ad

113 1252 318 1305 originem
359 1249 467 1289 fluuii
517 1252 585 1301 qui
627 1250 776 1288 dicitur
815 1250 949 1303 vvlgo
990 1251 1243 1288 Hram'czni.
1284 1251 1456 1289 Fluuius
1499 1261 1600 1289 uero
1642 1251 1855 1301 predictus
1898 1262 1972 1302 per

114 1320 361 1360 descensum
394 1317 527 1357 fluens
561 1317 659 1356 facit
692 1322 849 1356 metam.
884 1329 1018 1369 usque
1051 1318 1101 1357 ad
1137 1319 1243 1357 viam
1278 1330 1358 1369 que
1386 1319 1520 1371 vvlgo
1549 1319 1699 1357 dicitur
1724 1318 1973 1370 Gymowslm

113 1389 253 1427 cie-sta.
293 1388 377 1426 Via
411 1398 513 1426 vero
548 1387 735 1437 predicta
771 1391 914 1425 metam
950 1384 1049 1425 facit
1084 1398 1216 1437 vsque
1251 1387 1301 1425 ad
1338 1388 1544 1441 originem
1578 1386 1702 1426 ssuuii.
1737 1388 1803 1438 qui
1838 1387 1973 1440 vvlgo

112 1457 261 1496 dicitur
293 1456 466 1496 Shelni.
514 1456 685 1494 Fluuius
724 1467 827 1494 uero
870 1455 1082 1505 predictus
1124 1467 1199 1505 per
1232 1456 1480 1494 descensum
1516 1454 1647 1494 fluens
1682 1454 1781 1494 facit
1814 1461 1972 1494 metam.

113 1526 221 1563 sicut
259 1523 343 1563 fluit
385 1525 423 1563 in
466 1523 627 1563 fluuium
669 1524 935 1563 Lodinnicie.
995 1523 1216 1563 Predictus
1265 1536 1367 1563 uero
1417 1523 1564 1563 fluuius
1609 1536 1683 1574 per
1724 1524 1972 1562 descensum

112 1592 258 1633 fluens.
300 1592 398 1632 facit
438 1599 594 1632 metam.
642 1604 778 1643 vsque
817 1593 963 1631 subtus
1006 1593 1127 1631 villas
1171 1594 1373 1632 Lusa-zan
1415 1593 1655 1631 monasterii
1697 1592 1974 1632 Gradicensis

114 1672 170 1701 ex
202 1674 299 1700 vna.
341 1666 382 1701 et
414 1660 818 1700 villani'BeIlf0u·ic·i
851 1672 907 1699 ex
940 1661 1086 1699 altera.
1145 1659 1350 1712 Quicquid
1390 1665 1524 1699 autem
1559 1662 1599 1699 in
1634 1661 1821 1710 predicta
1855 1660 1972 1699 silua.

115 1731 252 1784 agris.
286 1731 453 1780 campis.
487 1730 553 1769 uel
586 1728 733 1769 fluuiis.
769 1741 823 1768 ex
858 1730 1030 1768 vtilitate
1063 1730 1152 1768 auri
1187 1733 1227 1768 et
1261 1730 1431 1768 omnium
1466 1729 1717 1767 metallorum
1751 1728 1802 1766 de
1829 1732 1973 1767 cetero

114 1800 369 1850 prouenerit.
417 1797 523 1837 infra
575 1799 879 1837 distinctionem
928 1798 1145 1852 signorum
1192 1803 1233 1837 et
1281 1802 1475 1836 metarum
1527 1797 1869 1847 supradictarum.
1920 1795 1975 1834 ad

115 1867 418 1907 Monasterium
453 1868 631 1918 pertinet
664 1869 939 1905 memoratum.
992 1867 1125 1905 Fluuii
1169 1877 1271 1905 uero
1312 1865 1539 1915 supradicti
1579 1868 1675 1903 sunt
1717 1875 1804 1902 cum
1841 1864 1974 1902 libera

116 1936 207 1986 ripa
240 1940 282 1975 et
314 1947 422 1987 aqua
458 1936 722 1975 Monasterii.
767 1936 821 1974 ita
863 1934 970 1986 quod
1010 1936 1050 1973 in
1092 1935 1192 1984 ipsis
1232 1933 1465 1972 molendina
1505 1933 1597 1971 sine
1631 1933 1769 1983 aliqua
1803 1936 1974 1971 contra-

117 2004 310 2044 dictione.
345 2005 508 2043 Alberti
550 2009 591 2043 et
623 2003 791 2043 fratrum
825 2015 990 2042 suorum
1031 2008 1072 2041 et
1105 2003 1284 2053 ipsorum
1319 2012 1623 2039 successorum.
1657 2005 1975 2051 ceterorumque

117 2073 357 2111 vicinorum.
400 2076 643 2123 potestatem
684 2072 817 2110 abbas
859 2072 1012 2110 habeat
1051 2070 1221 2108 liberam
1262 2067 1456 2107 faciendi.
1514 2070 1612 2108 Item
1646 2067 1795 2119 prefati
1830 2069 1975 2107 arbitri

117 2140 378 2179 ordinatione
413 2140 583 2190 provida
618 2144 866 2178 statuerunt.
908 2145 952 2177 vt
985 2138 1090 2176 idem
1124 2138 1310 2176 albertus
1344 2142 1385 2176 et
1419 2136 1571 2176 fratres
1605 2138 1668 2176 sui
1703 2136 1768 2176 filii
1802 2137 1975 2177 Sdezlai

117 2209 327 2246 memorati
379 2208 458 2246 duo
499 2208 733 2246 molendina
776 2218 857 2257 que
900 2207 1034 2259 vvlgo
1077 2206 1186 2244 lmtle
1226 2207 1416 2245 dicuntur
1464 2206 1516 2245 ad
1564 2205 1833 2245 serrisodinas
1873 2217 1976 2256 per-

117 2276 303 2314 tinentia.
345 2275 396 2313 de
430 2283 549 2326 parte
591 2288 665 2313 sua
710 2279 751 2313 et
784 2275 917 2313 bonis,
958 2275 997 2313 in
1032 2275 1238 2313 remotiori
1280 2273 1401 2314 fluuio
1435 2275 1644 2315 Bistricic.
1688 2275 1755 2313 vbi
1794 2276 1975 2325 ipsorum

118 2344 350 2382 molendina
385 2345 475 2382 siue
501 2343 615 2382 butte
649 2344 729 2381 alie
754 2346 849 2382 sunt
882 2343 1030 2381 locate.
1064 2354 1144 2394 que
1173 2343 1276 2382 duas
1302 2355 1464 2382 massas
1491 2341 1591 2382 serri
1619 2343 1802 2394 qualibet
1835 2343 1968 2393 septi-

119 2424 239 2451 mana
290 2412 531 2462 persoluant
576 2411 761 2461 predicto
801 2412 1062 2450 Monastcrio
1101 2412 1366 2465 asignarent.
1409 2413 1498 2451 iure
1540 2412 1795 2451 hereditario
1837 2411 1975 2462 possi-

119 2480 270 2519 denda.
320 2480 397 2528 Qui
431 2481 566 2518 statim
601 2479 652 2518 de
687 2479 841 2518 eisdem
875 2480 1118 2519 molendinis
1152 2481 1243 2519 siue
1277 2480 1403 2519 huttis
1437 2493 1575 2519 coram
1610 2481 1729 2519 nobis
1762 2481 1803 2518 111
1836 2482 1975 2518 castro

121 2548 385 2589 olomucensi
433 2549 566 2588 libere
613 2552 836 2588 cesserunt
886 2550 1138 2590 monasterio
1180 2551 1398 2589 nominato.
1448 2550 1525 2588 sub
1575 2550 1642 2588 tali
1684 2547 1824 2588 forma.
1867 2546 1976 2599 quod
