2138 2845
986 201 1055 241 46

86 343 137 383 ad
172 343 475 383 distinctionem
507 342 706 382 bonorum
740 347 965 395 emptorum
999 348 1040 383 et
1074 344 1383 397 episcopalium,
1423 355 1506 382 non
1549 344 1705 384 dabunt
1743 345 1796 385 de
1828 345 1949 385 bonis

87 413 232 463 emptis
271 423 506 451 mensuram
544 412 668 451 tritici
709 412 952 466 predictam⁷
994 413 1062 452 illa
1106 424 1208 452 vero
1249 413 1358 451 bona
1401 416 1537 463 empta
1577 414 1668 452 siue
1707 417 1949 464 comparata

86 493 169 520 non
202 481 331 520 solum
365 481 416 520 ad
452 479 571 534 filios,
605 492 747 520 verum
782 483 903 520 etiam
936 482 988 520 ad
1023 480 1126 520 filias
1159 480 1480 521 transferentur.
1543 482 1639 521 Non
1673 482 1793 521 dabis
1827 483 1950 522 etiam

85 561 318 589 mensuram
351 550 474 589 tritici
516 550 568 589 de
602 551 740 604 agris⁷
785 561 889 601 quos
929 550 981 589 ad
1015 563 1117 589 usus
1160 554 1201 589 et
1234 551 1431 588 culturam
1472 554 1580 589 tuam
1621 561 1672 589 ac
1712 548 1952 590 famulorum

84 622 246 657 tuorum
287 618 460 658 duxeris
494 618 768 670 deputandos.
839 617 959 666 Quod
1001 622 1135 658 autem
1176 620 1309 658 omnia
1350 619 1555 669 premissa
1589 623 1831 670 perpetuam
1870 619 1949 658 ob-

85 688 245 726 tineant
277 685 519 740 firmitatem,
558 699 636 726 nos
677 687 731 726 ad
769 688 831 725 rei
874 687 1107 725 memoriam
1147 688 1437 738 sempiternam
1478 691 1715 738 presentem
1749 688 1951 742 paginam

86 756 183 795 inde
216 756 442 809 conscribi7
477 756 693 806 nostrique
735 755 864 808 sigilli
900 755 1092 794 iussimus
1132 757 1350 795 munimine
1382 756 1587 796 roborari.
1650 758 1705 797 Et
1737 769 1814 796 nos
1849 756 1952 797 olo-

86 835 285 864 mucense
330 824 574 875 capitulum:
621 821 858 874 Heydolfus
902 823 1105 877 decanus,
1145 824 1410 864 Hei-wordus
1449 827 1704 880 prepositus7
1744 827 1953 879 magister

84 893 297 932 Iohannes
338 892 663 932 archidiaconus
705 891 1022 932 Olomucenses.
1086 892 1283 931 Allexius
1325 896 1564 944 prepositus
1606 895 1648 933 in
1688 892 1952 934 XVoll'rams-

84 961 276 1015 kirchen7
299 961 622 1001 archidiaconus
644 960 936 1012 Snaymensis.
959 961 1211 1001 Lambertus
1238 964 1381 1001 custos
1401 961 1700 1002 olomucensis.
1719 964 1951 1017 Voyslaus,

85 1034 127 1070 et
159 1042 236 1070 nos
268 1031 401 1070 ceteri
436 1034 672 1084 presentes,
706 1041 835 1081 super
868 1032 1083 1082 premissis
1118 1031 1304 1070 omnibus
1337 1042 1586 1070 consensum
1621 1036 1803 1070 nostrum
1837 1031 1947 1071 libe-

84 1099 230 1138 raliter
247 1099 511 1152 adhibentes,
531 1111 710 1149 presens
733 1101 930 1150 scriptum
956 1100 1086 1154 sigilli
1113 1100 1243 1139 nostri
1263 1101 1480 1138 munimine
1499 1099 1757 1138 roboramus.
1798 1101 1948 1139 Actum

87 1170 129 1208 et
151 1167 288 1208 datum
316 1172 416 1219 aput
441 1167 654 1208 Olomunz.
707 1168 832 1207 Anno
867 1168 1015 1208 domini
1041 1168 1102 1208 M.
1122 1167 1212 1209 CC.
1230 1168 1372 1209 LXX.
1406 1169 1447 1208 in
1479 1168 1548 1208 die
1586 1174 1734 1208 sancte
1767 1168 1950 1208 Pasche.

397 1267 427 1298 E
451 1266 600 1298 codice
625 1265 887 1299 olomucensi
912 1268 1044 1299 membr.
1069 1267 1095 1299 Ι.
1120 1267 1175 1298 fol.
1200 1265 1264 1299 29.

903 1434 1134 1474 XXXVII.

86 1536 205 1577 Idem
237 1536 506 1589 Eam-leardo,
548 1538 669 1577 milita·
701 1549 791 1589 suo,
828 1537 1003 1590 feudum
1036 1538 1079 1576 in
1112 1537 1214 1576 'villa
1247 1523 1409 1589 Spidlsy
1442 1540 1481 1576 et
1510 1538 1554 1576 in
1586 1537 1673 1577 αῐὶα
1704 1549 1814 1577 nova
1847 1537 1950 1577 villa

406 1607 580 1659 confert.
646 1608 717 1646 DI.
752 1606 975 1657 Olomucie‘,
1009 1607 1050 1645 in
1084 1607 1194 1659 sesto
1229 1606 1442 1657 Paschae,
1484 1606 1636 1647 1270.

236 1700 402 1759 Bruno
454 1717 520 1757 dei
569 1719 711 1771 gratia
758 1719 984 1769 episcopus
1027 1718 1331 1771 Olomucensis7
1374 1718 1525 1757 dilecto
1574 1718 1652 1757 sibi
1700 1717 1954 1758 Everhardo

89 1787 198 1826 militi
232 1799 307 1826 suo
351 1791 392 1826 et
426 1786 654 1826 heredibus
694 1788 782 1826 suis
817 1788 1117 1838 inperpetuum.
1183 1788 1331 1841 Digne
1372 1788 1538 1840 agimus
1578 1791 1620 1826 et
1660 1788 1830 1826 racione
1864 1798 1955 1826 mo-

87 1867 244 1909 uemnr7
285 1856 376 1895 dum
420 1867 561 1895 eorum
603 1856 670 1908 qui
714 1868 761 1895 se
802 1857 922 1895 nobis
964 1860 1005 1895 et
1045 1856 1229 1895 ecclesie
1270 1860 1413 1895 nostre
1453 1856 1636 1895 seruiles
1677 1855 1880 1895 exhibent
1912 1858 1955 1895 et

89 1923 233 1964 fideles
275 1937 643 1976 recompensamus
686 1926 871 1964 seruicia
918 1924 1066 1964 fauore
1109 1937 1159 1965 ac
1201 1926 1346 1979 gratia
1392 1924 1582 1978 speciali7
1623 1928 1667 1964 vt
1718 1922 1954 1964 feruentius

89 1996 244 2033 nostris
285 1996 479 2034 insistant
527 1995 757 2048 obsequiis7
802 1995 892 2033 dum
940 1993 1126 2034 fauorem
1168 1999 1351 2034 nostrum
1391 1994 1471 2033 sibi
1513 1995 1728 2033 senserint
1767 1992 1952 2033 affuisse.

89 2063 200 2101 Hinc
243 2068 307 2101 est
348 2064 454 2114 quod
498 2065 701 2114 inspectis
741 2064 998 2103 sinceritatis
1045 2068 1115 2103 tue
1155 2065 1349 2103 seruiciis
1398 2074 1479 2114 que
1519 2063 1641 2102 nobis
1682 2063 1721 2102 in
1770 2062 1956 2102 ecclesie

91 2136 235 2170 nostre
268 2133 478 2184 negociis.
505 2137 547 2171 et
574 2133 819 2173 vtilitatibus
853 2145 933 2172 non
961 2133 1173 2184 parcendo
1207 2133 1335 2171 rebus
1360 2136 1401 2171 et
1428 2143 1611 2182 persone
1638 2131 1956 2183 promptitudine

94 2207 221 2254 grata
258 2201 333 2238 iam
369 2201 531 2239 diucius
565 2202 811 2256 impendisti,
845 2206 894 2253 et·
920 2202 1114 2241 intendas
1156 2203 1194 2240 in
1229 2201 1458 2240 huiusmodi
1494 2202 1727 2252 persistere
1762 2200 1957 2240 seruiciis

92 2270 371 2318 incessanter,
406 2280 579 2320 cumque
613 2269 880 2310 benefecisse
906 2271 1028 2310 bonis
1061 2275 1102 2311 et
1133 2269 1322 2310 fidelibus
1355 2271 1409 2310 sit
1442 2271 1546 2309 omni
1579 2273 1699 2321 parte
1731 2269 1955 2308 lvcrosum.

92 2339 182 2378 Nos
216 2338 287 2376 tibi
323 2339 388 2389 qui
423 2343 464 2377 te
497 2342 575 2376 tam
610 2337 703 2377 lidei
738 2340 917 2389 puritate
951 2351 1070 2391 quam
1103 2341 1374 2379 seruiciorum
1404 2340 1636 2394 exigencia
1669 2337 1954 2378 retributionis

94 2408 248 2459 premio
283 2407 453 2459 (lignum
482 2407 638 2459 reddis7
667 2407 810 2446 damus
834 2413 876 2446 et
902 2407 1153 2447 conserimus
1178 2409 1358 2448 libenter
1386 2412 1428 2448 et
1456 2408 1685 2448 liberaliter
1711 2408 1751 2445 in
1776 2404 1954 2458 feodum⁷

93 2476 262 2528 capituli
295 2477 425 2515 nostri
467 2475 700 2514 accedente
734 2488 944 2515 consensu
987 2478 1025 2515 in
1060 2478 1157 2515 villa
1190 2477 1328 2529 Spizlt
1368 2478 1598 2529 quindecim
1631 2485 1812 2526 mansos,
1846 2484 1954 2525 qvo-

93 2558 180 2585 rum
222 2557 328 2585 vnus
369 2556 536 2584 mansus
581 2545 760 2595 pertinet
800 2545 851 2583 ad
893 2544 1027 2583 dotem
1068 2546 1251 2584 ecclesie
1302 2547 1429 2597 ipsius
1476 2545 1587 2597 ville7
1633 2545 1751 2582 cuius
1793 2544 1955 2593 inquam

95 2615 279 2652 ecclesie
321 2619 360 2652 te
401 2618 443 2653 et
483 2613 666 2653 heredes
699 2617 792 2652 tuos
833 2613 896 2651 ius
930 2613 1089 2652 habere
1130 2614 1316 2653 volumus
1350 2617 1606 2664 patronatus.
1669 2611 1953 2651 Molendinum
