2138 2845
1078 162 1182 202 326

201 311 294 362 quia
338 309 456 350 breui
497 306 549 346 ad
593 306 837 345 solutionem
875 305 1049 345 termino
1090 307 1340 343 coartamur.
1402 303 1450 344 Si
1493 314 1604 357 ergo
1644 304 1862 345 dominatio
1912 307 2057 345 vestra

200 388 372 416 sorores
407 376 575 415 easdem
610 374 760 414 auditis
794 385 935 413 earum
970 373 1207 426 priuilegiis
1241 371 1293 411 ad
1328 371 1576 411 solutionem
1604 372 1878 412 subsidiorum
1912 373 2059 412 huius-

199 446 305 485 modi
347 445 595 485 iudicauerit
635 456 717 483 non
756 443 906 496 teneri7
947 442 1067 481 nobis
1107 441 1309 494 dignetur
1348 441 1437 480 suis
1477 440 1627 480 litteris
1662 440 1928 494 demandare,
1961 440 2060 480 illud

201 514 359 567 scituri,
381 513 487 565 quod
508 513 617 552 dicte
644 522 815 551 sorores
840 511 1139 561 possessiones
1165 510 1327 548 habere
1355 513 1596 549 noscuntur.
1649 508 1800 548 Datum
1824 510 1865 548 in
1888 510 2060 549 Brunna

202 594 311 623 anno
346 582 494 621 domini
527 582 588 621 M.
623 578 714 621 CC.
748 579 1021 619 LXXXVII.
1055 578 1188 631 pridie
1221 578 1321 618 Idus
1354 578 1551 618 Ianuarii.

514 679 565 711 Ex
590 678 797 720 originali
820 677 985 709 ibidem.

1015 842 1256 886 CCXLIX.

204 949 454 990 Rudislawa
494 949 545 989 de
585 951 726 1000 Ratay
767 949 932 1002 confert
969 946 1221 987 monialibus
1264 946 1324 986 ad
1359 959 1394 986 s.
1428 946 1637 987 Jacobum
1672 946 1882 987 Olomuciz‘
1919 945 2066 986 villam

666 1016 880 1070 Trawnstc.
945 1017 1051 1057 Acta
1084 1017 1163 1055 25.
1196 1017 1415 1067 danum-ii,
1455 1015 1608 1057 1287.

382 1112 440 1172 In
477 1131 637 1170 nomine
672 1130 817 1183 patris,
851 1133 892 1169 et
925 1127 1007 1183 filii,
1041 1132 1083 1168 et
1114 1129 1285 1180 spiritus
1324 1129 1473 1182 sancti,
1507 1137 1640 1167 amen.
1704 1123 1811 1167 Cvm
1850 1124 1972 1164 multa
2014 1124 2069 1164 sit

203 1200 351 1239 malitia
395 1199 597 1238 hominum
638 1199 908 1238 habitantium
950 1200 990 1237 in
1030 1202 1160 1251 terra,
1201 1201 1243 1237 et
1282 1201 1433 1237 cuncta
1473 1196 1677 1250 cogitatio
1721 1193 1861 1234 cordis
1903 1191 2068 1232 humani

204 1268 255 1307 ad
290 1268 434 1306 malum
469 1267 574 1306 omni
609 1271 795 1318 tempore
836 1268 890 1307 sit
929 1268 1101 1319 intenta,
1145 1277 1378 1320 congruum
1419 1270 1461 1305 et
1502 1266 1602 1305 vtile
1642 1264 1823 1317 videtur⁷
1862 1265 1908 1302 vt
1949 1262 2069 1300 homo

204 1337 376 1386 sapiens
409 1336 639 1375 testimonio
673 1335 896 1388 scripture,
930 1337 1112 1386 viueque
1147 1335 1264 1373 vocis
1299 1334 1417 1385 quasi
1446 1333 1618 1385 quodam
1645 1331 1905 1384 prouidentie
1933 1330 2069 1381 clipeo

203 1404 340 1443 iacula
375 1414 667 1454 peruersorum
702 1414 831 1453 praue
864 1402 1182 1441 machinationis
1215 1405 1338 1441 caute
1371 1401 1538 1441 studeat
1570 1401 1808 1452 preuenire.
1863 1399 2071 1438 Nouerint

203 1474 337 1527 igitur
372 1472 573 1525 vniuersi7
608 1471 714 1523 quod
756 1483 843 1525 ego
884 1471 1046 1510 domina
1089 1470 1344 1522 Rudislamt,
1387 1481 1496 1510 vxor
1534 1468 1737 1520 quondam
1778 1465 1974 1508 Crisonis
2015 1466 2069 1505 de

204 1542 345 1592 Βαίας]
391 1538 528 1579 felicis
568 1541 776 1593 memorie7
816 1552 921 1579 sana
967 1544 1103 1579 mente
1151 1540 1340 1579 existens
1380 1542 1422 1578 et
1461 1549 1639 1589 corpore
1682 1537 1822 1576 diuino
1860 1545 2071 1575 succensa

205 1611 353 1661 spiritu
388 1609 521 1647 villam
559 1608 760 1647 Trawm‘k
792 1620 881 1648 cum
915 1608 1103 1647 omnibus
1136 1608 1366 1647 attinentiis
1399 1608 1530 1658 ipsius
1571 1618 1646 1657 pro
1688 1604 1871 1645 remedio
1911 1604 2072 1643 anima-

203 1690 290 1717 rum
324 1678 455 1728 patris
488 1688 539 1716 ac
574 1677 714 1715 matris
747 1677 965 1729 maritique
998 1678 1090 1729 mei⁷
1116 1687 1280 1716 necnon
1306 1677 1479 1716 omnium
1509 1675 1859 1727 predecessorum
1892 1683 2073 1712 meorum

205 1746 427 1785 conuentui
463 1745 714 1784 dominarum
747 1746 881 1784 sancti
917 1744 1061 1784 Iac-obi
1094 1746 1135 1784 in
1169 1745 1377 1785 Olomunc
1421 1748 1591 1796 propter
1632 1755 1774 1784 earum
1813 1743 1936 1782 uitam
1976 1741 2073 1780 lau-

206 1814 382 1853 dabilem
426 1817 467 1853 et
507 1815 736 1852 orationum
775 1813 1034 1854 deuotionem
1078 1824 1181 1864 pure
1213 1813 1455 1864 simpliciter
1493 1823 1545 1852 ac
1585 1810 1887 1851 immutabiliter
1918 1808 2074 1849 contuli

205 1886 407 1934 perpetuo
444 1881 751 1936 possidendam,
785 1883 839 1922 ita
872 1885 1023 1935 tamen,
1057 1882 1165 1934 quod
1198 1882 1297 1921 villa
1326 1881 1515 1932 predicta
1540 1879 1745 1920 'Frawnik
1770 1890 1860 1919 cum
1885 1877 2073 1918 omnibus

208 1951 481 2003 prouentibus
515 1951 605 1990 eius
639 1952 731 1990 sine
765 1952 870 1991 omni
905 1950 1182 2002 inpedimento
1216 1948 1332 1989 fruar
1364 1949 1618 2000 temporibus
1652 1949 1737 1988 vite
1762 1957 1868 2000 mee,
1896 1949 1938 1985 et
1962 1944 2072 1998 quod

208 2031 270 2058 me
306 2019 540 2059 decedente
575 2020 792 2070 possessio
816 2018 979 2071 prefate
1005 2020 1102 2059 ville
1127 2019 1333 2059 'l'rawnik
1361 2017 1412 2058 ad
1442 2017 1735 2058 monasterium
1761 2019 1803 2056 et
1826 2017 2074 2055 conuentum

211 2088 487 2138 predictarum
521 2089 772 2128 dominarum
806 2091 938 2130 sancti
972 2089 1116 2129 lacobi
1149 2089 1322 2142 integre
1361 2099 1412 2127 ac
1456 2087 1644 2138 plenarie
1683 2084 1944 2125 deuoluatur.
2006 2081 2074 2122 Ne

213 2157 343 2209 igitur
377 2157 427 2195 de
463 2162 541 2196 tam
585 2159 651 2208 pia
693 2162 735 2197 et
767 2158 923 2197 salubri
965 2158 1188 2197 donatione
1221 2157 1345 2196 alicui
1387 2157 1426 2196 in
1461 2159 1671 2206 posterum
1705 2153 1869 2192 dubium
1903 2151 2074 2203 oriatur⁷

214 2230 450 2274 presentem
486 2226 661 2264 litterani
690 2227 900 2265 conscribi
934 2225 1031 2274 seci,
1065 2237 1240 2278 eamque
1267 2225 1527 2276 appensione
1555 2223 1788 2277 sigillorum
1821 2220 2074 2260 dominorum

214 2293 377 2331 scilicet
412 2293 572 2332 ,uberti
606 2294 657 2333 de
691 2294 928 2335 Sternberk
961 2295 1180 2334 castellani
1213 2293 1519 2346 olomucensis,
1546 2291 1649 2342 Cyri
1677 2289 1891 2342 prepositi⁷
1916 2291 1958 2327 et
1985 2285 2075 2327 On-

215 2361 330 2399 sonis
365 2362 583 2399 camerarii
619 2361 670 2400 de
706 2360 1145 2417 Ctliystehoslemene,
1179 2374 1229 2402 ac
1262 2362 1426 2403 Alberti
1460 2361 1558 2400 dicti
1591 2360 1644 2400 de
1677 2359 1847 2399 Lessan
1890 2355 2075 2405 disposui

217 2429 420 2469 roborari.
466 2429 642 2480 Insuper
660 2431 977 2483 subscripcione
996 2432 1160 2471 testium
1178 2432 1244 2483 qui
1262 2431 1341 2471 hoc
1360 2430 1506 2470 ordine
1527 2429 1851 2479 subsequuntur,
1872 2423 2075 2464 Dominus

218 2499 379 2537 l’resco
415 2498 540 2536 iudex
582 2498 881 2539 olomucensis.
927 2501 1129 2539 Dominus
1172 2501 1381 2539 Ratinirus
1421 2499 1474 2538 de
1514 2497 1648 2538 Czeh.
1698 2495 1894 2535 Dominus
1939 2491 2075 2530 Pred-

220 2580 351 2618 uoyus
394 2568 444 2606 de
478 2567 716 2618 Sobyesuk
754 2569 953 2608 Dominus
988 2569 1233 2620 l‘ardusyus
1277 2569 1328 2608 de
1371 2568 1525 2607 llorca.
1571 2565 1769 2605 Dominus
1809 2561 1952 2602 Scoho
1986 2572 2075 2600 cum
