2138 2845
1002 160 1103 201 110

110 307 158 347 In
197 310 377 358 vtraque
418 304 620 345 ordinasti
660 305 805 358 eciam,
846 307 902 358 vt,
942 308 1157 355 postquam
1190 302 1243 341 de
1276 305 1419 341 nostro
1451 312 1662 341 consensu
1706 302 1801 342 vice
1840 302 1970 352 prima

110 375 338 414 contuler1s
389 377 431 414 et
479 373 533 413 de
571 384 623 413 ea
665 373 899 424 prouideris
948 382 1130 424 persone
1171 371 1308 424 alicui,
1352 371 1720 422 quocienscunque
1769 370 1970 421 deinceps

110 444 272 484 vicaria
307 443 494 495 predicta
528 443 763 495 vacauerit,
796 441 1010 481 ordinacio
1044 441 1134 480 eius
1167 440 1220 480 ad
1253 440 1472 490 capitulum
1505 443 1647 479 nostre
1682 439 1972 480 olomucensis

111 512 297 551 ecclesie
331 511 485 551 debeat
517 512 743 563 pertinere.
809 510 966 549 Verum
1000 509 1189 561 quoniam
1222 509 1471 547 vicariorum
1504 509 1749 560 acceptacio
1790 520 1815 547 a
1856 507 1979 548 nobis

111 580 163 620 de
198 581 361 619 ratione
395 580 620 631 requiritur
652 590 702 618 ac
736 576 970 617 cofirmacio
1004 577 1283 630 desideratur,
1323 577 1432 628 quod
1473 577 1514 616 in
1554 577 1635 616 hac
1675 580 1796 628 parte
1827 576 1980 616 lauda-

116 649 255 689 biliter
288 650 485 688 intentum
519 651 562 687 et
585 646 773 686 effectum
806 647 962 699 existit,
995 649 1211 697 acceptum
1239 646 1429 700 gerimus
1455 657 1506 685 ac
1531 646 1653 685 etiam
1679 643 1980 700 confirmamus,

111 720 347 757 statuentes
367 720 409 756 et
430 715 686 768 ordinantes,
711 717 757 754 vt
780 713 969 764 predicte
997 714 1221 753 vicariales
1249 713 1507 765 prebendule
1532 715 1642 755 inter
1664 714 1771 754 alias
1794 714 1980 754 vicarias

110 789 255 826 nostre
296 784 586 824 olomucensis
626 786 668 822 et
710 780 1030 822 Cremsiriensis
1071 782 1256 821 ecclesie
1298 786 1555 833 reputentur.
1619 783 1675 823 Et
1707 783 1775 834 qui
1809 794 1882 834 pro
1915 782 1980 822 eis

110 854 237 893 diuini
277 851 397 892 oflicii
430 852 602 891 ministri
637 850 865 904 extiterint,
908 861 982 901 pro
1016 850 1188 889 vicariis
1228 853 1270 889 et
1310 851 1559 890 vicariorum
1601 851 1763 890 nomine
1807 850 1978 890 censeri

110 922 293 962 debeant
325 932 376 960 ac
410 922 541 960 eciam
574 919 823 973 nuncupari,
865 919 930 958 eis
962 918 1095 957 locum
1128 921 1171 957 et
1203 917 1366 957 stallum
1405 919 1514 958 inter
1546 919 1650 958 alios
1682 920 1867 958 vicarios
1900 918 1980 959 de-

112 990 341 1046 signando.
380 989 448 1030 Ad
475 989 555 1028 hec
579 989 810 1042 statuimus,
845 990 889 1027 vt
915 988 999 1042 qui,
1032 998 1108 1038 pro
1132 987 1270 1039 aliqua
1295 986 1643 1038 prebendularum
1675 987 1904 1027 huiusmodi
1936 987 1978 1027 in

110 1059 274 1114 prefata
315 1063 460 1099 nostra
494 1057 761 1098 Olomucensi
802 1056 987 1097 ecclesia
1023 1057 1208 1096 vicarius
1250 1053 1387 1110 fuerit,
1429 1055 1612 1107 quolibet
1651 1054 1719 1095 die
1760 1054 1979 1110 dominico,

110 1129 287 1169 sabbato
321 1132 363 1168 et
394 1125 500 1166 seria
534 1130 659 1166 sexta
692 1130 734 1166 et
756 1125 1009 1177 quibuslibet
1041 1125 1190 1164 diebus
1222 1124 1330 1178 aliis,
1364 1124 1432 1176 qui
1459 1127 1584 1164 extra
1617 1123 1708 1163 dies
1740 1124 1820 1163 iam
1845 1123 1979 1164 dictos

109 1196 283 1238 feriales
317 1196 579 1236 occurrerint
610 1196 650 1234 in
674 1193 822 1248 officio,
855 1193 965 1245 quod
999 1193 1078 1233 dici
1104 1194 1376 1246 competierit,
1409 1194 1574 1233 missam
1600 1192 1744 1232 dicere
1770 1195 1977 1232 teneatur.

109 1267 290 1317 Insuper
331 1266 372 1304 in
411 1264 595 1316 quolibet
634 1273 777 1303 mense
817 1262 945 1302 semel
987 1261 1237 1316 peragendo
1280 1263 1512 1301 memoriam
1560 1261 1737 1312 predicti
1783 1261 1976 1315 magistri

110 1335 311 1375 Iohannis
350 1334 514 1373 missam
550 1344 670 1373 vnam
704 1331 848 1371 dicere
881 1343 956 1382 pro
990 1329 1212 1384 defunctis,
1245 1330 1482 1381 debeatque
1516 1330 1678 1369 cunctis
1710 1329 1825 1369 horis
1859 1329 1976 1382 psal-

110 1403 246 1444 lendis
286 1403 327 1442 in
360 1406 505 1442 nostra
544 1400 729 1441 ecclesia
762 1411 851 1439 cum
885 1400 979 1439 aliis
1014 1400 1185 1440 vicariis
1218 1400 1452 1452 interesse3
1486 1410 1560 1450 pro
1593 1398 1686 1438 loco
1718 1402 1869 1448 autem,
1903 1398 1975 1438 vbi

111 1472 414 1513 execucionem
455 1471 519 1510 sui
560 1469 682 1510 officii
722 1468 802 1509 deo
835 1469 1064 1523 persoluat,
1097 1468 1310 1521 quodlibet
1342 1467 1477 1507 altare
1509 1468 1550 1506 in
1583 1467 1676 1518 ipsa
1708 1466 1973 1507 olomucensi

113 1541 311 1594 ecclesia,
355 1539 463 1592 quod
505 1542 601 1578 tunc
641 1538 840 1588 temporis
879 1540 1014 1588 aptum
1049 1540 1091 1576 et
1122 1537 1175 1576 ad
1217 1536 1296 1576 hoc
1330 1547 1490 1576 vacare
1523 1536 1688 1588 poterit,
1721 1534 1978 1586 deputamus.

110 1610 178 1650 Ne
211 1613 347 1649 autem
382 1608 434 1648 de
468 1606 700 1659 prehabitis
732 1607 923 1658 cuiquam
956 1606 1119 1657 questio
1159 1605 1226 1644 uel
1261 1604 1423 1644 dubium
1466 1605 1609 1644 valeat
1639 1603 1834 1657 suboriri,
1878 1614 1978 1655 pre-

111 1681 271 1718 sentem
311 1678 512 1731 paginam
546 1679 689 1716 nostro
731 1678 773 1715 et
812 1674 979 1726 capituli
1013 1674 1143 1714 nostri
1177 1674 1321 1728 sigillo
1354 1671 1526 1713 fecimus
1560 1672 1764 1713 roborari.
1826 1673 1977 1712 Actum

110 1750 153 1787 et
192 1747 329 1787 datum
372 1746 572 1786 Olomucii
621 1745 662 1784 in
701 1744 882 1795 capitulo
925 1755 1000 1794 pro
1042 1743 1250 1783 electione
1291 1743 1441 1782 decani
1482 1742 1660 1794 aliisque
1699 1740 1977 1792 expediendis

110 1819 253 1856 nostre
278 1815 462 1855 ecclesie
488 1814 689 1868 negotiis,
713 1812 902 1852 secunda
926 1810 1034 1851 feria
1060 1816 1154 1863 post
1175 1814 1295 1864 quasi
1320 1810 1438 1851 modo
1466 1811 1602 1864 geniti
1626 1809 1780 1849 indicto
1805 1812 1848 1849 et
1871 1820 1977 1848 con-

110 1885 267 1925 tinuato
294 1895 430 1936 vsque
455 1884 496 1923 in
521 1883 748 1934 proximam
772 1882 935 1921 tertiam
959 1881 1297 1933 subsequentem.
1330 1881 1455 1921 Anno
1474 1879 1623 1919 domini
1640 1876 1976 1919 Mcchxxul.

427 1982 457 2014 E
481 1981 634 2014 codice
656 1979 925 2014 olomucensi
948 1981 974 2013 1.
998 1980 1131 2012 membr.
1155 1980 1211 2012 sol.
1235 1978 1311 2021 41„
1336 1977 1549 2011 etcod.11.
1572 1977 1627 2010 sol.
1649 1976 1713 2010 25.

917 2147 1162 2189 LXXVIII.

114 2251 348 2302 otakarus,
405 2262 489 2290 rea>
534 2251 739 2290 Boiimiae
785 2254 824 2291 et
873 2250 1066 2291 marchio
1115 2251 1361 2302 Moraviae,
1409 2248 1616 2301 indulqet,
1660 2250 1708 2288 ut
1752 2247 1976 2300 episcopus

115 2320 407 2362 olomucensis
435 2331 528 2357 cum
554 2319 727 2371 capituli
757 2322 826 2359 sui
850 2331 1059 2359 consensu
1090 2318 1197 2359 bona
1221 2319 1482 2371 episcopalia
1510 2319 1554 2358 in
1577 2316 1754 2370 feudum
1777 2315 1975 2368 conferre

441 2388 586 2440 possit.
650 2388 721 2427 Dc.
756 2387 946 2439 Proque,
991 2388 1058 2428 VI.
1094 2387 1198 2427 Idus
1230 2387 1450 2439 Januarii,
1489 2386 1642 2428 1274.

262 2481 493 2543 otakarus
526 2498 592 2537 dei
626 2498 770 2552 gratia
799 2498 968 2537 Boemie
1002 2509 1080 2537 rex
1110 2500 1291 2552 quintus,
1325 2499 1410 2538 dux
1432 2498 1618 2538 Austrie.
1645 2495 1787 2537 Stirie.
1811 2493 1973 2532 Karin-

111 2570 213 2611 thie.
246 2567 441 2611 Marchio
474 2567 682 2608 Morauie.
717 2566 902 2606 dominus
931 2564 1142 2606 Carniole.
1177 2567 1384 2606 Marchie.
1414 2566 1538 2620 Egre
1571 2576 1622 2605 ac
1654 2563 1970 2604 Portusnaonis.
