2138 2845
1089 193 1195 234 368

214 335 552 375 consuetudinem
586 334 651 382 et)
691 333 916 372 secundum
950 335 1247 374 estimationem
1290 337 1332 374 et
1371 334 1554 373 valorem
1594 336 1772 386 ipsorum
1812 339 1851 378 in
1891 339 2061 379 ciuitate

211 408 355 444 nostra
389 403 508 442 nobis
542 403 710 441 soluere
743 402 1006 441 tenebuntur.
1069 403 1369 441 Nichilominus
1403 414 1567 454 quoque
1599 404 1781 443 decimas
1813 407 1932 447 nobis
1960 419 2061 459 pre-

211 472 379 511 stabunt
412 470 636 509 secundum
663 472 868 521 antiquam
898 472 1235 510 consuetudinem
1262 472 1302 509 in
1330 471 1558 510 huiusmodi
1580 472 1882 514 hereditatibus
1909 476 2061 516 obser-

211 546 366 586 uatam;
402 543 683 578 verumtamen
717 550 772 577 ex
807 550 857 578 ea
892 551 1070 587 armona,
1092 551 1147 577 ex
1179 550 1260 590 qua
1293 539 1475 578 decimas
1509 540 1814 595 persoluerunt,
1847 542 2061 583 collectam

211 609 456 659 persoluere
488 608 646 646 minime
679 607 941 647 tenebuntur.
981 607 1027 647 Si
1063 619 1165 646 vero
1198 609 1316 647 ciues
1351 609 1517 647 rusticis
1550 609 1638 648 suis
1670 609 1816 648 laneos
1850 610 2061 661 predictos

209 676 499 716 concesserint
532 675 789 713 excolendos
822 675 873 713 ad
909 675 1217 726 percipiendum
1251 676 1303 714 ab
1338 677 1439 727 ipsis
1465 677 1644 716 debitam
1678 679 1932 732 pensionem,
1965 684 2063 719 tunc

209 744 436 784 secundum
470 744 737 794 quantitatem
771 743 999 782 huiusmodi
1042 747 1311 794 prouentuum
1351 749 1392 783 et
1433 745 1645 784 utilitatum
1685 745 1807 786 nobis
1846 746 2062 788 collectam

208 813 462 863 persoluent.
506 810 702 851 Ceterum
735 812 771 850 si
806 811 1035 851 huiusmodi
1066 813 1210 852 laneos
1244 813 1394 852 vasalli
1427 824 1504 852 seu
1528 812 1703 853 feodarii
1737 826 1761 853 a
1789 814 1952 854 ciuibus
1984 825 2062 854 seu

209 881 377 921 rusticis
412 892 550 919 eorum
584 880 724 930 adepti
758 878 911 920 fuerint
944 892 1019 920 seu
1054 882 1238 934 mercati,
1271 882 1310 920 in
1344 881 1546 921 soluenda
1578 882 1754 922 collecta
1787 883 1855 922 uel
1889 882 2061 922 decimis

209 950 394 1000 predicto
429 950 518 988 iure
552 949 886 1003 adstringentur,
921 954 962 989 et
995 950 1046 989 ad
1081 951 1146 989 ius
1180 951 1359 990 ciuitatis
1391 951 1652 1004 spectabunt,
1686 962 1736 990 eo
1770 951 1903 1005 saluo,
1936 955 1992 1005 ut,
2025 952 2062 990 si

208 1018 423 1057 maluerim
464 1030 538 1068 pro
579 1017 735 1057 eisdem
770 1018 904 1057 laneis
946 1020 1080 1058 teneri
1121 1019 1171 1057 ad
1206 1020 1379 1059 seruitia
1421 1023 1462 1058 et
1501 1021 1781 1070 prestationes
1815 1020 2061 1059 vasallorum

208 1090 449 1138 consuetas,
485 1085 562 1124 lioc
597 1087 635 1124 in
665 1086 844 1136 ipsorum
878 1087 1049 1126 arbitrio
1079 1088 1321 1127 remanebit.
1361 1087 1646 1127 Possessores
1679 1091 1815 1127 tamen
1848 1088 2061 1127 laneorum

209 1155 388 1205 ipsorum
423 1155 674 1194 tenebuntur
717 1159 757 1194 et
790 1160 906 1195 stare
947 1157 987 1195 in
1021 1156 1184 1209 iudicio,
1228 1162 1269 1196 et
1302 1156 1617 1207 quei-ulantibus
1651 1155 1925 1207 respondere.
1987 1156 2062 1196 In-

206 1234 334 1273 super
382 1223 648 1262 concedimus
697 1223 868 1277 eisdem,
917 1224 1024 1276 quod
1073 1225 1216 1264 siluam
1265 1236 1417 1264 versus
1459 1225 1598 1276 Hulyn
1646 1236 1671 1263 a
1717 1225 1910 1276 pontibus
1951 1234 2062 1275 aque

209 1292 389 1330 Morane
430 1292 680 1344 incipiendo,
721 1293 772 1331 ad
808 1296 990 1331 nostrum
1029 1297 1285 1343 spectantem
1320 1293 1549 1347 dominium,
1591 1305 1664 1344 pro
1697 1293 1786 1332 suis
1819 1293 2061 1332 necessita-

208 1359 316 1398 tibus
352 1364 392 1398 et
418 1360 561 1398 usibus
596 1360 763 1413 ingredi
788 1361 970 1412 valeant,
1005 1366 1045 1400 et
1072 1363 1291 1410 percipere
1326 1362 1456 1400 libere
1480 1373 1530 1399 ac
1555 1361 1728 1400 habere.
1770 1361 1890 1400 Alias
1922 1364 2059 1399 autem

208 1427 337 1465 siluas
381 1437 435 1466 ex
475 1428 554 1466 alia
599 1431 717 1477 parte
757 1439 880 1481 aque,
921 1429 973 1467 ab
1015 1430 1105 1479 ipsa
1156 1429 1350 1468 videlicet
1398 1430 1568 1467 ciuitate
1612 1439 1763 1467 versus
1802 1427 1976 1466 XVasan
2017 1431 2060 1468 et

207 1495 422 1533 'frewinik
464 1507 513 1534 ac
554 1496 659 1534 alias
693 1499 954 1550 constitutaS,
995 1497 1260 1548 extirpabunt
1301 1502 1342 1537 et
1385 1496 1583 1536 excident
1625 1508 1700 1546 pro
1734 1497 1863 1546 pratis
1895 1496 1983 1534 suis
2017 1498 2060 1534 et

207 1564 446 1602 numulariis
479 1562 696 1602 faciendis.
746 1565 923 1615 insuper
956 1570 1049 1604 octo
1083 1565 1231 1603 diebus
1264 1568 1361 1603 ante
1394 1563 1540 1603 festum
1574 1564 1685 1603 beati
1718 1564 1918 1617 Mani-itii,
1951 1575 2059 1615 qua-

205 1636 298 1671 tuor
332 1636 435 1681 post.
477 1630 553 1670 sori
597 1633 788 1671 annualis
829 1637 871 1671 et
912 1632 1179 1671 nundinarum
1223 1633 1324 1682 ipsis
1363 1632 1628 1671 concedimus
1663 1631 1907 1684 libertatem,
1940 1642 2060 1683 quam

206 1701 246 1739 in
280 1700 507 1738 huiusmodi
543 1705 853 1740 consueuerunt
887 1701 1046 1741 habere
1080 1701 1161 1740 alie
1194 1702 1399 1741 ciuitates.
1446 1700 1510 1740 Ad
1545 1700 1625 1739 hec
1658 1701 1887 1753 statuimus,
1918 1703 1962 1739 ut
1994 1699 2060 1739 his

207 1769 246 1807 in
280 1769 507 1818 septimana
544 1769 741 1822 qualibet,
785 1769 981 1809 videlicet
1021 1773 1167 1821 quarta
1203 1768 1305 1808 feria
1346 1773 1387 1808 et
1427 1769 1605 1808 sabbato
1639 1766 1767 1807 forum
1801 1768 1985 1807 habeant
2017 1769 2058 1807 in

206 1837 386 1889 ciuitate,
421 1840 461 1875 et
495 1835 733 1875 forensibus
767 1838 975 1877 mercibus
1010 1841 1279 1888 occupentur.
1329 1839 1429 1877 Item
1463 1837 1728 1890 indulgemus
1761 1836 1917 1875 eisdem
1950 1836 2057 1874 ciui-

207 1905 298 1957 bus,
333 1909 386 1957 ut,
421 1905 455 1942 si
490 1905 689 1955 quispiam
724 1906 879 1945 illorum
914 1906 1037 1944 alicui
1072 1916 1252 1956 persone
1287 1907 1325 1944 in
1360 1906 1450 1955 ipsa
1474 1906 1643 1944 ciuitate
1677 1905 1894 1955 quicquam
1927 1914 2059 1943 acco-

204 1972 433 2012 modauerit
467 1984 543 2012 seu
576 1973 818 2028 crediderit,
851 1973 1077 2013 huiusmodi
1105 1974 1332 2013 debitorem
1365 1985 1479 2012 suum
1514 1974 1552 2011 in
1579 1973 1785 2011 ciuitatem
1819 1972 2058 2011 venientem

208 2051 295 2078 cnm
331 2042 478 2079 nuncio
515 2041 661 2080 iudicis
697 2042 837 2081 valeat
870 2053 1093 2095 occupare,
1134 2042 1212 2081 nisi
1253 2042 1433 2081 clericus
1472 2039 1609 2094 fuerit,
1649 2044 1690 2079 et
1722 2044 1819 2079 tunc
1853 2049 1925 2079 res
1956 2050 2059 2079 suas

208 2110 356 2145 tantum
392 2109 643 2148 interdicere
679 2111 827 2160 poterit
860 2121 948 2149 cum
984 2111 1132 2150 nuncio
1166 2110 1313 2149 iudicis
1354 2109 1558 2160 prelibati.
1622 2108 1721 2147 Item
1753 2109 1984 2161 statuimus,
2015 2111 2060 2146 ut

207 2174 439 2224 quicunque
473 2176 590 2215 homo
625 2178 663 2216 in
689 2178 808 2217 bonis
842 2179 1149 2230 episcopalibus
1179 2179 1370 2218 residens
1404 2178 1456 2217 ad
1482 2177 1687 2216 ciuitatem
1714 2179 1892 2215 nostram
1926 2185 2058 2215 causa

207 2241 395 2279 manendi
440 2254 487 2281 se
528 2245 705 2284 voluerit
745 2246 991 2301 transferre,
1033 2253 1074 2287 et
1116 2248 1272 2287 domum
1313 2246 1634 2298 comparauerit,
1674 2248 1850 2296 accepta
1889 2244 2058 2284 licentia

207 2309 366 2358 absque
391 2311 571 2359 quolibet
606 2313 889 2362 inq›e‹liment0
917 2317 1111 2356 veniendi
1145 2317 1314 2356 liberam
1342 2316 1493 2355 habeat
1516 2313 1766 2366 facultatem,
1800 2313 1878 2352 nisi
1911 2315 2056 2352 contra

207 2378 335 2427 ipsum
370 2388 498 2416 cause
532 2386 678 2418 exorte
712 2380 876 2435 fuerint,
911 2387 952 2423 et
984 2388 1080 2423 tunc
1121 2384 1173 2424 de
1207 2384 1390 2436 querelis
1432 2383 1593 2423 exortis
1626 2383 1666 2421 in
1699 2380 1933 2421 hereditate
1964 2380 2057 2429 ipsa

208 2456 255 2483 se
289 2446 496 2484 tenebitur
530 2457 788 2499 expurgare.
852 2452 944 2490 lloc
987 2452 1091 2492 idem
1130 2451 1373 2492 beneficium
1415 2451 1577 2490 ciuibus
1617 2450 1770 2490 nostris
1804 2448 1856 2487 de
1888 2446 2055 2485 ciuitate

209 2520 349 2552 nostra
393 2515 571 2553 transire
614 2516 845 2556 volentibus
895 2520 1172 2573 indulgemus.
1237 2521 1334 2559 ltem
1385 2520 1600 2559 annuimus
1648 2517 1764 2568 ipsis,
1810 2517 1851 2553 ut
1898 2523 2053 2552 omnem

209 2593 375 2632 suppam
412 2583 579 2621 liberam
615 2582 810 2634 babeant,
851 2591 890 2624 et
932 2594 1102 2637 qnestus
1144 2587 1333 2627 trahendi
1378 2599 1483 2626 vasa
1526 2587 1607 2624 vini
1651 2584 1716 2623 vel
1758 2582 1967 2622 cereuisie
2000 2581 2051 2620 ad
