2138 2845
1068 194 1174 236 380

190 340 257 380 Ad
290 340 369 379 hoc
401 340 564 378 centum
604 337 760 392 viginti
801 337 1054 388 pauperibus
1093 339 1218 376 extra
1250 333 1514 377 refectorium
1552 339 1786 381 constitutis
1817 343 2041 396 unicuique

188 418 334 460 panem
367 418 489 446 unum
529 408 571 446 et
603 406 735 446 eciam
776 405 830 445 de
868 406 1068 445 carnibus
1110 417 1201 445 cum
1241 405 1427 445 oleribus
1466 405 1537 446 vel
1576 407 1723 457 rapula
1761 411 1803 447 et
1839 411 2041 462 scyphum

185 476 395 515 cereuisie
428 473 753 515 obedientiarius
780 475 1039 514 ministrabit.
1078 474 1286 514 Numerus
1318 478 1454 514 autem
1479 472 1729 515 ferculorum
1762 487 1835 528 pro
1868 478 2040 521 dominis

186 545 401 584 canonicis
434 546 477 583 et
508 544 682 583 vicariis
714 544 926 582 senarium
958 554 1169 582 numerum
1209 555 1291 583 non
1323 542 1525 583 extendit.
1587 544 1681 583 Hec
1713 547 1848 584 autem
1880 543 2040 588 fercula

185 616 296 666 sunt,
336 623 416 664 que
456 611 611 651 debent
650 612 887 665 ministrari,
927 612 1090 650 scilicet
1129 611 1241 665 pulli,
1280 609 1430 665 ferina,
1471 611 1562 651 olus
1602 622 1692 651 cum
1732 613 1931 653 carnibus
1971 615 2040 655 vel

183 692 274 721 cum
313 681 470 732 rapulis
509 683 695 732 tempore
727 679 919 733 hyemali,
959 683 1193 734 assaturas,
1233 681 1396 731 pastilla
1436 687 1479 720 et·
1521 681 1793 720 warmasium.
1856 681 1906 723 Si
1936 693 2041 723 vero

183 749 274 790 dies
306 750 445 789 ieiunii
477 747 613 803 fuerit,
647 750 788 800 pisces
820 748 1020 803 triplices,
1053 752 1175 799 prout
1207 749 1274 788 illo
1307 751 1495 800 tempore
1527 751 1679 800 poterit
1710 751 1916 806 inuenire,
1947 762 2038 793 cum

183 820 277 859 aliis
316 819 450 859 tribus
490 816 663 858 ferculis
704 817 840 857 dictus
886 816 1215 857 obedientiarius
1257 817 1512 868 procurabit.
1574 818 1668 857 Hoc
1716 819 1899 874 adiecto,
1941 821 2039 872 quia

182 887 368 928 decanus
411 890 453 927 et
493 887 731 939 prepositus
771 885 1051 939 singulariter
1089 886 1290 926 sedentes
1332 886 1529 940 singulas
1569 886 1783 928 habebunt
1821 889 2038 944 scutellas,

181 960 224 997 et
262 958 483 1008 unicuique
523 958 703 1007 ipsorum
740 957 908 1009 tantum,
952 958 1145 1006 quantum
1187 955 1349 995 duobus
1390 956 1606 995 canonicis
1645 957 1956 1013 ministrabitur,
1995 959 2038 998 in

181 1026 337 1065 eisdem
370 1037 452 1065 una
475 1025 612 1065 media
634 1024 902 1064 austriacalis
926 1025 1011 1063 vini
1041 1028 1082 1064 et
1106 1025 1317 1064 cereuisie
1349 1024 1660 1079 ministrabitur,
1693 1029 1886 1077 quantum
1912 1025 2038 1067 suerit

179 1096 389 1147 optimum3
422 1095 567 1134 clerici
603 1105 708 1135 vero
747 1093 880 1133 tribus
919 1093 1194 1133 tantummodo
1228 1091 1399 1132 ferculis
1438 1097 1680 1147 vescentur,
1715 1097 1756 1133 et
1788 1095 2036 1135 cereuisiam

178 1168 332 1205 tantum
365 1164 521 1203 bibent.
584 1163 814 1203 Adiicimus
847 1162 993 1216 eciam,
1028 1162 1135 1214 quod
1169 1163 1266 1202 nulli
1309 1163 1470 1201 omnino
1510 1162 1708 1202 scutellas
1740 1173 1842 1202 suas
1874 1173 1930 1202 ex
1962 1174 2036 1203 re-

177 1231 353 1272 fectorio
386 1231 536 1272 familie
569 1243 645 1271 sue
677 1232 804 1271 liceat
834 1231 1017 1284 mittere3
1058 1231 1191 1270 omnia
1232 1231 1339 1270 enim
1379 1230 1433 1270 ad
1473 1243 1591 1270 usum
1631 1242 1858 1283 pauperum
1891 1232 2036 1284 dispo-

177 1302 332 1342 suimus
365 1301 554 1355 erogari.
617 1299 846 1341 Statuimus
879 1300 1025 1353 eciam,
1071 1304 1113 1340 vt
1146 1300 1213 1352 qui
1253 1300 1294 1339 in
1327 1298 1553 1340 refectorio
1587 1300 1809 1340 comedere
1841 1300 2034 1355 noluerit,

176 1370 415 1420 porcionem
454 1368 703 1408 serculorum
744 1371 786 1408 et
827 1371 947 1418 potus
989 1368 1152 1419 penitus
1191 1369 1245 1407 sit
1284 1369 1484 1421 priuatus,
1525 1368 1605 1407 nisi
1647 1379 1766 1420 quem
1807 1369 2034 1409 occasione

175 1438 365 1492 legitima
398 1441 440 1477 et
472 1437 524 1477 de
556 1438 723 1476 licentia
756 1436 906 1476 decani
938 1436 1065 1476 liceat
1088 1437 1319 1490 absentari,
1353 1437 1407 1475 ad
1434 1436 1589 1476 domum
1623 1448 1752 1491 suam,
1785 1448 1867 1489 que
1899 1438 2032 1489 ipsum

174 1509 409 1561 continget,
442 1507 636 1557 recipere
669 1505 820 1557 poterit
853 1506 1102 1556 porcionem.
1142 1505 1192 1544 ln
1224 1504 1411 1544 secundo
1436 1505 1744 1558 anniuersario,
1777 1516 1897 1557 quem
1930 1517 2031 1557 pro-

174 1577 284 1616 xima
317 1575 423 1616 seria
455 1574 644 1615 secunda
676 1577 770 1626 post
803 1573 1045 1613 dominicam
1078 1574 1311 1627 Inuocavit,
1344 1573 1561 1612 statuimus
1600 1573 1825 1627 celebrari,
1858 1575 2031 1614 omnium

174 1646 465 1697 episcoporum
513 1644 698 1683 ecclesie
747 1641 1035 1683 olomucensis
1085 1641 1369 1682 defunctorum
1416 1644 1573 1695 agetur
1613 1643 1822 1695 memoria,
1860 1642 1901 1681 in
1948 1652 2030 1694 quo

174 1714 227 1754 de
260 1715 380 1754 bonis
413 1714 598 1753 ecclesie
631 1715 674 1752 et
699 1711 948 1751 obediencie
981 1739 992 1749 .
1025 1739 1035 1750 .
1068 1739 1078 1750 .
1112 1740 1122 1750 .
1157 1710 1228 1762 [22]
1262 1711 1317 1750 ita
1350 1721 1427 1761 per
1451 1709 1817 1764 obedienciarium,
1850 1711 1919 1762 qui
1953 1721 2029 1762 pro

173 1786 358 1834 tempore
390 1781 528 1835 suerit,
562 1783 602 1821 in
635 1780 821 1820 omnibus
853 1780 1007 1834 missis,
1035 1779 1236 1819 videlicet
1269 1777 1509 1832 refectorio,
1543 1778 1809 1832 elemosynis,
1843 1778 2030 1819 denariis

173 1855 215 1891 et
247 1851 436 1891 candelis
470 1862 543 1902 pro
575 1849 783 1889 offertorio
816 1852 858 1889 et
891 1849 984 1888 aliis
1016 1849 1227 1888 uniuersis
1260 1852 1302 1888 et
1328 1848 1512 1902 singulis
1545 1847 1624 1887 hoc
1656 1847 1774 1887 modo
1807 1851 1850 1887 et
1881 1847 2029 1887 ordine

170 1920 470 1973 prouidebitur,
502 1920 610 1958 sicut
642 1918 836 1969 superius
869 1920 935 1957 est
968 1928 1232 1969 expressum.
1294 1917 1479 1956 Tertium
1513 1915 1846 1955 anniuersarium
1878 1916 1920 1954 in
1952 1925 2027 1955 re-

169 1989 343 2028 medium
377 1989 601 2027 animarum
633 1987 984 2039 predecessorum
1017 1989 1264 2040 nostrorum,
1304 1986 1554 2037 prelatorum
1589 1985 1788 2025 videlicet
1820 1987 1863 2024 et
1893 1995 2028 2024 cano-

168 2059 351 2097 nicorum
391 2057 575 2096 ecclesie
614 2059 759 2096 nostre
799 2055 992 2107 sequenti
1031 2054 1099 2094 die
1142 2058 1236 2106 post
1274 2052 1421 2094 festum
1460 2066 1494 2094 s.
1527 2053 1773 2104 Hieronymi
1813 2052 2027 2107 agendum

169 2127 496 2179 procui-animus,
530 2127 569 2165 in
603 2136 683 2178 quo
716 2124 769 2164 de
800 2124 923 2163 bonis
956 2122 1203 2163 obediencie
1243 2123 1296 2162 de
1330 2122 1517 2163 XVische
1549 2132 1626 2174 per
1657 2121 2025 2175 obedienciarium,

169 2193 394 2233 eorundem
430 2193 625 2234 bonorum
659 2197 865 2234 rectorem
905 2193 945 2232 in
978 2192 1179 2245 omnibus,
1219 2193 1328 2231 sicut
1359 2192 1554 2243 superius
1594 2191 1844 2242 continetur,
1877 2189 2025 2241 dispo-

169 2263 302 2303 nimus
335 2262 558 2312 prouideri.
599 2264 698 2302 ltem
732 2264 863 2302 eciam
897 2262 1236 2302 obedienciarius
1268 2260 1451 2315 singulis
1485 2260 1605 2299 annis
1637 2258 1812 2298 mediam
1845 2268 2025 2297 marcam

169 2331 341 2385 argenti
381 2330 421 2368 in
453 2331 649 2369 sacristia
692 2343 766 2382 pro
805 2343 883 2370 usu
923 2331 1174 2371 dominorum
1210 2333 1397 2382 reponet.
1461 2329 1510 2368 In
1549 2331 1697 2380 quarto
1732 2326 2025 2367 anniuersario

168 2400 342 2440 omnium
374 2396 685 2438 benefactorum
725 2400 909 2439 ecclesie
943 2399 1231 2439 olomucensis
1271 2399 1312 2438 in
1354 2398 1421 2437 die
1454 2397 1604 2437 Prisce
1638 2394 1707 2436 fiet
1739 2395 1947 2447 memoria,
1980 2393 2022 2433 in

169 2480 250 2521 quo
284 2467 336 2507 de
369 2467 491 2506 bonis
533 2466 724 2517 predicte
765 2468 1014 2508 obediencie
1057 2469 1097 2508 in
1130 2467 1445 2508 Rozwadouicz
1486 2477 1538 2506 eo
1576 2464 1710 2518 modo,
1749 2464 1860 2503 sicut
1891 2462 2019 2513 prius,

167 2535 356 2588 prefatus
397 2535 735 2574 obedienciarius
783 2537 914 2575 omnia
958 2538 1166 2577 tenebitur
1214 2546 1458 2588 procurare,
1500 2535 1579 2574 hoc
1619 2533 1772 2584 addito,
1816 2528 1923 2581 quod
1967 2527 2020 2567 de

167 2606 286 2645 bonis
320 2605 566 2645 obediencie
599 2604 638 2642 in
672 2603 861 2643 Ncredin
894 2605 1244 2658 obedienciarius,
1278 2603 1503 2644 eorundem
1544 2610 1768 2653 possessor
1800 2597 2016 2651 bonorum,
