2138 2845
1075 201 1137 240 10

1064 344 1141 384 lx.

167 437 333 487 Bruno,
374 437 597 488 episeopus
639 437 944 487 olomucensis,
989 437 1115 478 Gallo
1157 438 1208 477 de
1250 438 1510 489 Lewenberq
1549 439 1725 492 feudum
1759 440 1951 482 Chotaun
1988 443 2034 482 in

362 505 542 544 Bei‘me'a
576 506 751 557 confert.
816 507 888 545 Dt.
925 507 1147 555 Olomucii,
1181 509 1225 546 in
1256 509 1404 559 ciyile'a
1437 509 1651 560 Paschae,
1692 509 1845 550 1268.

312 598 477 657 Bruno
512 616 578 655 dei
612 618 765 670 gracia
800 618 1024 667 episcopus
1059 617 1360 657 Olomuceusis.
1402 619 1539 658 Nobili
1576 621 1681 673 viro,
1716 620 1878 660 domino
1907 619 2034 661 Gallo

167 684 219 724 de
255 680 541 724 Lezoerzbe1·0l1j
572 686 610 723 in
644 686 831 737 Boemia,
866 689 907 724 et
939 687 1027 724 suis
1063 684 1262 724 fratribus
1296 687 1336 725 in
1370 693 1625 738 perpetuum.
1673 690 1897 728 Honestati
1931 701 2033 740 pro-

166 754 317 792 ximum
351 757 392 792 et
426 755 582 792 racioni
618 766 697 792 non
726 754 935 792 dissonum
970 754 1231 792 arbitramur.
1292 755 1347 794 Vt
1379 755 1457 807 hijs
1491 757 1557 807 qui
1585 758 1739 796 nostris
1773 762 1814 797 et
1848 758 2033 797 ecclesie

166 826 324 875 nostre,
364 822 532 861 student
572 822 769 860 inherere
813 823 1022 874 seruiciis,
1070 834 1147 860 nos
1189 834 1341 873 pronos
1386 828 1427 863 et
1465 823 1614 863 faciles
1655 826 1930 865 exhibeamus
1978 825 2033 865 ad

167 892 358 944 graciam
393 889 637 929 faciendam.
701 891 811 929 Hinc
853 895 918 929 est
960 890 1066 942 quod
1103 903 1179 929 nos
1221 893 1420 942 inspectis
1461 895 1655 932 seruiciis
1696 896 1853 934 vestris
1894 895 2032 934 multi-

166 959 342 1010 plicibus
383 963 425 997 et
463 959 679 1012 gratuitis,
729 969 809 1010 que
851 960 971 998 nobis
1021 963 1062 998 et
1103 960 1288 999 ecclesie
1328 964 1485 1013 nostre,
1529 964 1727 1012 promptis
1771 967 1812 1002 et
1851 964 2032 1003 sinceris

165 1027 382 1066 affectibus
416 1028 621 1066 hactenus
663 1027 935 1080 impendistis,
970 1031 1010 1067 et
1051 1028 1252 1079 deinceps
1287 1030 1413 1069 dante
1447 1029 1607 1069 domino
1649 1031 1909 1085 impendetis,
1942 1043 2033 1071 cum

166 1086 692 1148 preteritorum,exhibitio
726 1108 840 1146 spem
875 1102 1031 1136 certam
1073 1102 1114 1136 et
1148 1096 1348 1152 fiduciam,
1382 1099 1562 1149 prebeat
1601 1097 1848 1153 futurorum3
1889 1100 2033 1140 damus

166 1168 207 1204 et
240 1163 492 1203 conserimus
526 1165 645 1203 vobis
680 1176 735 1203 ex
762 1165 954 1204 consulta
989 1166 1317 1219 deliberacione,
1352 1178 1402 1205 ac
1430 1167 1662 1206 deliberato
1696 1168 1886 1218 consilio,
1914 1169 2034 1220 capi-

164 1233 235 1272 tuli
270 1235 397 1272 nostri
427 1234 734 1271 interueniente
768 1245 994 1286 consensu,
1022 1235 1158 1272 villam
1186 1236 1469 1285 episcopalem
1498 1235 1549 1274 de
1578 1235 1752 1275 Kotlzun
1785 1238 1830 1275 in
1853 1238 2034 1277 Boemia

166 1303 299 1356 sitam,
335 1314 410 1352 per
436 1314 511 1340 vos
547 1307 587 1341 et
612 1301 765 1340 fratres
800 1308 983 1355 vesti-OS,
1010 1302 1112 1341 filios
1146 1304 1350 1342 duntaxat
1383 1308 1424 1342 et
1457 1316 1535 1342 non
1572 1303 1689 1357 filias,
1723 1316 1812 1343 cum
1846 1305 2033 1344 omnibus

165 1372 254 1410 suis
289 1372 532 1423 attinentiis,
574 1371 683 1409 nullo
726 1371 918 1409 diminuto
960 1373 1125 1421 penitus
1168 1372 1237 1410 vel
1278 1377 1474 1424 excepto,
1516 1373 1632 1411 titulo
1675 1371 1786 1411 feodi
1827 1377 2030 1424 perpetuo

166 1440 475 1491 possidendam.
516 1443 560 1478 vt
592 1438 740 1479 fortius
783 1445 824 1478 et
857 1440 1153 1490 quodammodo
1194 1452 1250 1479 ex
1285 1441 1424 1480 debito
1465 1441 1599 1493 nobis,
1634 1445 1676 1480 et
1708 1441 2033 1481 successoribus

166 1510 323 1547 nostris
358 1513 399 1547 et
432 1509 616 1547 ecclesie
651 1512 794 1546 nostre
829 1508 878 1546 ad
916 1509 953 1547 id
989 1509 1191 1559 deinceps
1225 1511 1315 1548 sitis
1349 1510 1578 1548 abstrictus
1606 1510 1732 1562 (sic),
1767 1511 1807 1549 in
1841 1521 1921 1561 quo
1954 1522 2033 1550 vos

164 1576 372 1616 hactenus
399 1583 618 1630 suggestu
644 1577 926 1616 benivolentie
950 1589 1000 1617 ac
1028 1579 1245 1629 probitatis
1272 1583 1417 1617 vestre
1444 1583 1668 1630 promptum
1689 1578 1800 1629 [sic]
1825 1580 2032 1618 sensimus

166 1650 208 1685 et
241 1646 371 1685 modis
405 1646 591 1684 omnibus
625 1646 865 1684 studiosum.
915 1645 1034 1694 Quod
1069 1652 1204 1686 autem
1232 1659 1361 1698 super
1396 1648 1611 1698 premissis
1641 1648 1774 1686 nullus
1809 1648 2033 1688 dubietatis

167 1715 390 1764 scrupulus
425 1716 596 1766 oriatur,
630 1715 705 1753 sed
740 1713 852 1753 firma
885 1726 1052 1765 semper
1086 1720 1126 1755 et
1162 1717 1317 1755 illibata
1344 1717 1592 1769 consistant,
1627 1721 1866 1766 presentem
1903 1717 2033 1771 pagi-

165 1795 257 1822 nam
312 1784 407 1822 inde
450 1781 695 1836 consectam,
742 1784 871 1837 sig-illi
919 1786 1047 1822 nostri
1090 1786 1284 1824 iussimus
1326 1785 1543 1824 munimine
1585 1785 1788 1824 roborari.
1851 1786 1907 1824 Et
1953 1797 2031 1824 nos

166 1852 445 1891 Olomucense
481 1852 714 1902 capitulum.
749 1853 848 1905 Ego
884 1853 1081 1892 videlicet
1114 1854 1362 1894 llerbordus
1397 1854 1648 1904 prepositus.
1692 1854 1792 1907 Ego
1827 1854 2033 1907 magister

166 1921 377 1959 lohannes
427 1921 752 1960 archidiaconus
795 1922 1097 1960 Olomucensis.
1148 1923 1244 1975 Ego
1285 1907 1442 1974 Sj'mon
1493 1927 1648 1961 custos.
1709 1923 1808 1976 Ego
1848 1923 2030 1962 Alexius

166 1991 402 2040 prepositus
438 1991 476 2028 in
510 1989 951 2043 XVolsramskirghen.
992 1991 1092 2043 Ego
1129 1991 1361 2042 lleydoll'us
1395 1990 1742 2031 Uremeserensis
1778 1992 2030 2045 prepositus,

166 2062 209 2096 et
243 2070 317 2095 nos
351 2059 481 2096 ceteri
517 2063 755 2112 presentes,
791 2063 974 2098 nostrum
1007 2071 1136 2110 super
1169 2060 1397 2100 huiusmodi
1431 2060 1654 2099 collatione
1688 2059 1918 2099 liberaliter
1950 2059 2030 2099 ad-

165 2126 360 2165 hibentes
411 2138 682 2180 consensum,
742 2132 783 2167 et
833 2129 1100 2179 presentibus
1149 2131 1455 2182 exprimentes,
1504 2140 1578 2179 per
1630 2140 1790 2167 manum
1843 2127 2031 2169 conradi

163 2195 391 2247 scolastici,
433 2197 707 2234 concanonici
749 2198 878 2235 nostri
922 2198 1238 2251 subscribimus,
1280 2202 1322 2237 et
1360 2198 1543 2251 sigillum
1586 2202 1770 2236 nostrum
1812 2198 1853 2237 in
1901 2198 2027 2236 testi-

167 2265 341 2303 monium
385 2267 426 2302 et
470 2264 720 2302 euidentiam
755 2267 905 2314 apponi
941 2268 1133 2306 iussimus
1174 2268 1304 2306 eciam
1346 2267 1442 2306 huic
1476 2267 1632 2317 scripto
1676 2266 1828 2305 Datum
1862 2266 2031 2307 Olomuz

167 2332 345 2371 sabbato
379 2337 524 2372 sancto
561 2333 708 2385 vigilia
741 2333 908 2371 l’asche
941 2335 1064 2373 Anno
1099 2335 1247 2374 domini
1281 2335 1341 2375 M.
1376 2334 1465 2376 CC.
1498 2335 1702 2374 valll.

477 2431 530 2463 Ex
567 2431 770 2471 originali
803 2433 832 2462 iu
871 2432 1005 2462 archivo
1042 2433 1318 2475 archiepiscopali
1354 2434 1585 2467 Crcmsirii.
1629 2452 1672 2457 —
1707 2434 1787 2466 Item
1819 2435 1848 2464 in
1880 2431 2028 2464 codice

580 2481 772 2517 Cremsir.
798 2483 840 2514 11.
865 2483 918 2514 sol.
947 2481 1032 2515 106.
