2138 2845
1011 181 1078 222 52

989 324 1107 364 xm.

175 423 341 472 Brmw9
375 422 599 473 episcopus
635 419 942 470 olomucensis,
975 418 1119 457 villam
1154 416 1350 469 Pohledy
1382 416 1568 466 (Pelen)
1602 417 1738 456 locari
1770 416 1920 455 statuit.

536 491 609 529 Dt.
642 490 686 528 in
719 486 926 538 Blcmsko,
961 487 1028 526 die
1059 488 1138 526 24.
1171 487 1365 540 Aemus-tei,
1406 485 1558 526 1270.

264 550 430 610 Bruno
464 568 548 607 Dei
582 567 737 621 gracia
773 566 999 616 episcopus
1033 564 1323 604 olomucensis
1366 564 1567 603 Heinrico
1601 562 1727 602 iudici
1763 561 1816 601 de
1849 561 1984 600 Bolen

116 642 158 678 et
190 639 278 676 suis
312 635 541 676 heredibus
576 637 616 674 in
651 639 904 686 perpetuum.
970 631 1072 672 Cum
1106 643 1241 671 rerum
1275 633 1355 671 rite
1388 637 1608 686 gestarum
1642 631 1878 670 certissima
1911 640 1984 669 re-

116 707 375 758 presentatio
410 706 463 744 sit
496 706 722 755 scriptura,
757 702 852 740 ideo
880 705 1028 740 tenore
1063 702 1324 750 presencium
1349 705 1548 740 constare
1583 701 1769 740 uolumus
1803 709 1986 750 presen-

115 776 226 815 tibus
267 779 308 814 et
349 772 513 826 futuris³
558 772 666 823 quod
708 782 785 809 nos
827 769 901 808 tibi
941 770 1106 819 tuisque
1147 769 1376 808 heredibus
1424 773 1549 809 totam
1590 770 1753 820 sylvam
1802 773 1987 807 nostram

116 845 369 884 existentem
409 844 516 881 inter
560 837 881 892 Greifendorplt
923 840 962 876 et
998 837 1356 888 Hermansdorplz
1394 838 1518 877 villas
1559 841 1742 891 nostras,
1778 843 1819 876 et
1853 839 1985 876 metas

117 914 199 952 viri
232 911 382 951 nobilis
424 910 577 949 domini
610 909 817 948 Bursonis
858 910 900 946 et
931 918 1099 945 suorum
1140 905 1355 959 heredum.)
1388 910 1430 945 et
1463 907 1571 945 inter
1615 907 1737 960 viam,
1771 917 1851 957 que
1887 916 1988 956 pro-

116 981 300 1022 tenditur
348 990 501 1018 versus
552 977 723 1018 Gewzc-z.
769 975 1001 1015 locacionis
1048 974 1162 1014 titulo
1211 978 1252 1013 et
1301 974 1393 1013 iure
1437 974 1694 1013 hereditario
1743 973 1988 1013 contulimus

119 1050 321 1091 videlicet
354 1050 433 1088 isto
469 1049 572 1101 iure,
606 1051 649 1087 ut
683 1049 880 1099 quotquot
919 1045 1051 1084 mansi
1085 1044 1234 1083 ibidem
1276 1054 1377 1082 esse
1418 1043 1612 1096 poterint⁷
1655 1047 1698 1082 tu
1732 1046 1774 1081 et
1805 1041 1990 1081 heredes

119 1120 177 1160 tui
218 1131 273 1159 ex
312 1118 488 1170 speciali
531 1117 727 1156 libertate
768 1127 890 1167 quam
932 1113 1076 1152 damus
1118 1113 1262 1151 decem
1304 1116 1346 1152 et
1378 1117 1471 1151 octo
1512 1112 1634 1151 annis
1677 1123 1701 1150 a
1735 1111 1991 1161 recepcione

121 1188 386 1240 presencium
416 1187 615 1225 decimum
643 1196 827 1224 mansum
858 1183 1032 1223 liberum
1058 1181 1268 1221 habebitis
1292 1181 1425 1220 libere
1452 1184 1655 1231 perpetuo
1682 1178 1991 1230 possidendum.

121 1257 273 1297 Adhec
316 1268 436 1295 unam
476 1255 693 1294 tabernam
735 1253 924 1304 liberam7
963 1262 1085 1289 unam
1127 1254 1256 1289 rotam
1298 1249 1571 1288 molendinam
1614 1249 1786 1287 liberam
1829 1252 1872 1287 et
1910 1259 1992 1286 non

123 1327 280 1379 plures7
314 1326 348 1364 si
383 1336 487 1364 vero
515 1324 656 1374 plures
691 1326 787 1361 tunc
822 1331 1027 1372 processu
1054 1320 1253 1369 temporis
1288 1319 1408 1357 nobis
1434 1329 1533 1357 esse
1569 1318 1736 1371 debent,
1771 1322 1812 1355 et
1838 1318 1994 1355 nostris

124 1394 447 1434 successoribus
477 1392 717 1431 censuales.
762 1391 862 1429 Item
889 1391 1061 1428 tercium
1095 1388 1307 1426 denarium
1334 1388 1458 1426 totius
1494 1386 1630 1425 iudicii
1656 1386 1828 1425 liberum
1856 1385 1993 1424 habe-

125 1465 222 1503 bitis
256 1475 344 1502 cuin
388 1462 574 1501 omnibus
609 1459 875 1511 supradictis.
941 1458 1147 1497 Preterea
1189 1457 1226 1495 in
1262 1456 1407 1495 eadem
1450 1456 1547 1494 villa
1591 1455 1728 1494 Bolen
1770 1454 1993 1493 ecclesiam

127 1544 226 1572 esse
262 1532 462 1579 volumus„
493 1543 613 1581 quam
648 1529 866 1580 plebanus„
900 1528 967 1578 qui
994 1538 1067 1577 pro
1096 1530 1281 1576 tempore
1309 1523 1433 1564 suerit
1463 1526 1499 1562 in
1528 1521 1837 1577 greifendorph
1867 1522 1996 1561 semel

128 1600 234 1640 inl'ra
277 1601 588 1652 quatuordecim
638 1599 729 1637 dies
780 1599 821 1636 in
871 1597 1009 1635 diuino
1057 1593 1189 1634 officio
1243 1594 1495 1645 procurabit.
1561 1592 1844 1633 communitas
1894 1603 1995 1630 uero

127 1671 331 1710 hominum
373 1670 471 1708 ville
520 1668 762 1719 supradicte
801 1666 852 1705 de
896 1665 1027 1704 Bolen
1077 1665 1186 1702 inter
1233 1675 1282 1702 se
1328 1675 1451 1702 unum
1492 1673 1675 1701 mansum
1723 1661 1997 1714 comparabit,

129 1740 314 1780 ecclesie
355 1739 407 1778 de
448 1738 583 1778 Bolen
623 1742 664 1776 et
698 1736 877 1787 plebano
920 1735 972 1774 de
1007 1730 1283 1774 Greisendorf
1321 1732 1454 1771 libere
1495 1734 1697 1782 perpetuo
1732 1730 1997 1769 serviturum.

129 1810 178 1849 In
219 1809 337 1848 cuius
377 1808 440 1847 rei
480 1807 753 1846 testimonium
796 1805 940 1843 damus
980 1803 1053 1842 tibi
1101 1806 1143 1842 et
1181 1803 1262 1841 tuis
1303 1800 1531 1840 heredibus
1573 1810 1752 1851 presens
1800 1799 1997 1848 scriptum

131 1877 263 1932 sigilli
297 1877 427 1917 nostri
461 1876 678 1915 munimine
712 1874 963 1913 roboratume
1028 1872 1179 1911 Datum
1219 1870 1381 1910 Blanzk
1421 1870 1546 1909 Anno
1590 1868 1740 1908 domini
1774 1866 1998 1907 Millesimo

132 1947 415 1986 ducentesimo
449 1945 590 1986 Lxx.
624 1945 665 1983 in
698 1944 765 1982 die
798 1942 948 1983 Sancti
981 1939 1277 1980 Bartholomei.

443 2036 473 2071 E
505 2036 626 2077 copia
656 2037 686 2066 in
716 2033 852 2065 archivo
884 2031 1159 2072 archiepiscopali
1191 2029 1496 2061 Cremsiricnsi.
1528 2046 1568 2051 —
1594 2027 1743 2058 Vidimus
1768 2026 1935 2068 privilegii
1959 2025 2000 2057 ab

548 2096 630 2120 anuo
657 2084 773 2118 1602.
792 2084 899 2127 judex
922 2082 1251 2124 Heinzendorl'eusis‚
1275 2081 1517 2113 Zwitaviensis
1542 2078 1684 2121 dominii,
1709 2080 1874 2110 asservat.

1002 2216 1140 2259 XLII.

136 2315 294 2366 Aynes,
327 2313 474 2352 relicta
507 2311 702 2352 Kadolde·
735 2311 786 2350 de
818 2313 1034 2362 W'einyen‚
1066 2310 1322 2351 monasterio
1349 2308 1644 2349 Oslowunensz'
1666 2305 1872 2359 quaedam
1895 2303 2005 2344 bona

196 2384 241 2422 in
272 2380 645 2433 „Gen-serendorf'
679 2380 854 2432 confert.
902 2380 1052 2419 Actum
1084 2380 1128 2418 in
1160 2378 1346 2430 Stoyice‚
1388 2377 1513 2418 VIII.
1540 2377 1642 2417 Kal.
1669 2373 1942 2427 Septembris,

1000 2447 1153 2488 1270.

279 2508 394 2571 Nos
434 2528 592 2581 Agnes
636 2525 783 2565 relicta
826 2524 977 2564 domini
1015 2524 1197 2563 Kadoldi
1246 2524 1299 2562 de
1338 2523 1583 2576 VVeingen.
1648 2518 1847 2560 Omnibus
1893 2517 2004 2556 hanc

138 2599 314 2639 litteram
339 2595 593 2648 inspecturis
625 2595 676 2634 ad
703 2594 765 2633 rei
790 2592 1035 2633 memoriam.
1084 2591 1149 2631 Ne
1177 2591 1231 2630 hii
1262 2592 1330 2643 qui
1357 2603 1447 2631 cum
1476 2591 1634 2641 pietate
1661 2587 1801 2627 mortis
1833 2598 2003 2638 sompno
