2138 2845
989 172 1083 212 123

108 327 252 355 manso
286 315 406 355 vobis
431 315 657 354 seruiente.
690 325 922 354 mensuram
947 315 1083 354 tritici.
1117 313 1449 365 quemadmodum
1474 315 1606 352 ceteri
1635 311 1832 353 infeodati
1860 314 1966 353 dare

106 389 314 424 tenentur.
378 382 575 425 Ceterum
617 388 810 423 statutum
850 387 915 422 est
956 394 1030 434 per
1077 394 1166 421 nos.
1206 382 1258 422 de
1301 382 1473 421 consilio
1516 382 1684 433 capituli
1733 385 1875 421 nostri.
1919 387 1964 421 vt

109 453 279 504 quilibet
312 453 563 491 vasallorum
589 456 822 491 nostrorum
855 450 1153 490 infeodatorum
1180 463 1205 490 a
1229 450 1361 489 nobis.
1395 451 1475 489 alia
1507 450 1559 488 de
1586 451 1751 500 propria
1785 451 1964 501 pecunia

108 521 219 560 bona
251 521 404 560 debeat
443 531 702 570 comparare.
745 531 839 573 que⁷
872 520 1187 558 existimacione
1226 517 1338 558 sacta
1371 519 1568 558 bonorum
1608 519 1687 557 sibi
1721 519 1963 558 collatorum

108 589 163 628 ab
197 589 392 629 ecclesia.
425 590 596 628 terciam
629 593 786 639 partem
827 589 973 628 valere
1006 589 1188 628 debeant
1227 588 1464 628 eorundem.
1528 588 1664 627 Vobis
1705 599 1809 627 vero
1843 588 1965 626 talem

109 654 283 696 facimus
325 658 530 711 graciam.
571 656 679 707 quod
712 657 985 696 tantummodo
1018 669 1094 708 pro
1128 657 1303 710 triginta
1335 656 1510 695 duabus.
1550 657 1701 695 marcis
1736 656 1816 695 alia
1851 656 1960 694 bona

110 724 303 764 debeatis
345 730 490 765 vestra
539 726 716 775 pecunia
757 736 1016 775 comparare.
1063 730 1105 765 et
1146 725 1197 764 ab
1238 725 1421 764 ecclesia
1461 724 1726 765 olomucensi
1769 725 1964 775 recipere

108 793 225 833 titulo
268 790 434 832 feodali.
497 792 584 833 Sed
627 792 679 831 ad
722 792 1031 832 distinccionem
1072 794 1270 832 bonorum
1313 796 1536 844 emptorum
1575 796 1617 832 et
1649 793 1959 843 episcopalium.

109 872 191 902 non
224 861 375 901 dabitis
409 861 462 901 de
494 861 614 900 bonis
649 863 793 912 emptis
826 874 1058 901 mensuram
1092 862 1213 900 tritici
1249 861 1488 912 predictam.
1552 861 1626 900 Illa
1661 872 1825 912 quoque
1858 861 1967 900 bona

110 934 257 981 empta.
284 931 376 969 siue
401 934 640 980 comparata
666 942 749 969 non
774 931 903 970 solum
934 930 985 969 ad
1014 930 1117 969 filios
1143 931 1409 969 verumetiam
1434 930 1486 968 ad
1513 930 1617 969 filias
1642 928 1966 969 transferentur.

109 998 205 1038 Non
238 998 388 1037 dabitis
421 999 543 1037 etiam
568 1010 801 1037 mensuram
833 1000 955 1037 tritici
983 999 1035 1037 de
1068 1000 1191 1051 agris
1222 999 1312 1037 illis.
1347 1009 1423 1037 sev
1460 999 1605 1038 laneis.
1639 1010 1744 1050 quos
1777 999 1828 1038 ad
1864 1011 1967 1038 vsus

109 1072 254 1106 vestre
294 1067 559 1120 agriculture
598 1072 668 1106 aut
707 1065 944 1106 famulorum
986 1071 1221 1105 vestrorum
1262 1066 1468 1105 duxeritis
1501 1067 1774 1117 deputandos.
1841 1066 1961 1115 Quod

107 1140 244 1174 autem
277 1137 410 1175 omnia
439 1137 644 1186 premissa
678 1139 918 1186 perpetuam
941 1135 1154 1173 obtineant
1189 1133 1426 1173 firmitatem.
1459 1146 1536 1173 nos
1561 1134 1615 1173 ad
1643 1136 1703 1174 rei
1729 1136 1965 1174 memoriam

106 1205 396 1253 sempiternam
436 1208 673 1253 presentem
716 1203 915 1256 paginam
956 1201 1051 1240 inde
1092 1202 1313 1240 conscribi.
1353 1203 1567 1254 nostrique
1606 1203 1738 1256 sigilli
1772 1203 1965 1242 iussimus

106 1272 322 1310 munimine
355 1271 557 1309 roborari.
620 1270 676 1309 Et
715 1282 792 1309 nos
832 1270 1052 1320 capitulum
1093 1269 1371 1310 Olomucense
1414 1271 1515 1324 Ego
1548 1271 1728 1310 Alexius
1762 1270 1962 1311 decanus.

105 1339 206 1393 Ego
230 1339 433 1378 Albertus
452 1339 702 1389 prepositus.
730 1338 829 1392 Ego
855 1339 1061 1392 magister
1082 1338 1295 1377 Iohannes
1321 1339 1643 1378 archidiaconus
1664 1339 1968 1380 olomucensis.

104 1407 205 1461 Ego
237 1406 488 1446 Lambertus
522 1410 664 1446 custos
699 1405 1002 1446 olomucensis.
1038 1405 1261 1446 Conradus
1295 1408 1546 1447 scolasticus
1575 1407 1876 1447 Olomucensis.
1913 1410 1967 1448 Et

104 1487 179 1515 nos
218 1476 351 1515 ceteri
393 1480 625 1526 presentes.
670 1475 926 1525 XVoyzlaus.
976 1476 1308 1515 Bartholomeus.
1350 1476 1516 1515 Petrus.
1563 1476 1762 1516 Thomas.
1805 1482 1847 1516 et
1891 1478 1963 1516 alii

64 1547 67 1553 “
104 1555 223 1595 quam
263 1543 417 1596 plures,
456 1554 584 1594 super
623 1544 837 1595 premissis
878 1544 1064 1583 omnibus
1106 1555 1353 1583 consensum
1393 1550 1579 1584 nostrum
1620 1545 1853 1584 liberaliter
1886 1546 1964 1585 ad-

104 1612 310 1652 hibentes.
364 1623 542 1663 presens
600 1614 794 1662 scriptum
852 1613 982 1666 sigilli
1030 1613 1197 1663 capituli
1255 1614 1386 1652 nostri
1435 1615 1651 1652 munimine
1705 1614 1962 1654 roboramus.

105 1682 255 1721 Actum
288 1685 330 1720 et
362 1681 498 1720 datum
531 1681 640 1732 apud
674 1681 854 1720 Modriz.
894 1693 1003 1721 anno
1045 1681 1192 1720 domini
1232 1682 1467 1722 Millesimo.
1502 1680 1591 1723 CC.
1626 1682 1765 1721 Lxx.
1800 1688 1959 1734 quarto.

106 1750 202 1789 Xll.
234 1749 454 1788 Kalendas
487 1749 660 1800 Aprilis.

414 1856 468 1888 Ex
492 1857 687 1899 originali
712 1858 741 1887 in
765 1857 855 1888 arch.
880 1857 1245 1898 archiepiscopali
1270 1855 1577 1888 Cre'msiriensi.
1601 1875 1643 1880 —
1666 1857 1964 1900 Apographum

516 1910 547 1940 in
572 1908 687 1940 codice
712 1907 970 1940 Olomucensi
996 1909 1020 1939 1.
1045 1908 1176 1940 membr.
1202 1908 1256 1939 sol.
1281 1908 1343 1939 75.
1369 1912 1399 1939 et
1424 1908 1528 1939 chart.
1553 1908 1606 1939 sol.
1631 1905 1695 1940 62.

890 2082 1178 2121 LXXXVIII.

103 2182 223 2221 Idem
262 2184 482 2234 confirmat
525 2184 689 2234 literas.
736 2183 883 2234 quibus
929 2185 1224 2223 monasterinm
1268 2185 1467 2224 Lucense
1515 2184 1714 2237 Alsjlsom·
1751 2187 1872 2226 milite·
1914 2187 1965 2226 de

103 2249 338 2301 Kowernjlc
377 2250 581 2290 decimam
621 2253 707 2290 rim·
747 2251 797 2290 cle
830 2255 964 2290 monle
1003 2253 1043 2291 ἱη
1080 2252 1312 2305 Kozcernjlc
1351 2254 1593 2293 contulerat.
1657 2255 1815 2294 Datum
1849 2255 1965 2307 apud

503 2321 754 2370 Znoymam.
798 2319 917 2359 VIII.
952 2321 1175 2360 Kalendas
1207 2322 1384 2373 Aprilis,
1425 2322 1576 2363 1274.

253 2411 434 2483 Bruno7
485 2431 548 2469 dei
598 2433 740 2485 gratia
787 2432 1025 2483 Episcopus
1078 2432 1380 2473 Oiomucensis.
1471 2435 1649 2474 Dilectis
1699 2435 1737 2474 in
1789 2433 1959 2475 Christo

103 2498 369 2537 Theoderico
400 2499 553 2538 Abbati
588 2501 744 2551 totique
776 2502 999 2540 conuentui
1027 2502 1239 2540 Lucensis
1273 2505 1526 2557 monasterii7
1560 2504 1955 2554 premonstratensis

102 2567 257 2606 ordinis
290 2568 462 2606 salutem
497 2574 537 2607 et
570 2569 775 2608 sinceram
810 2571 848 2608 in
883 2570 1042 2610 domino
1076 2572 1304 2611 caritatem.
1360 2573 1561 2611 Pori-ecte
1596 2573 1714 2610 nobis
1749 2573 1954 2621 petitionis

1643 2638 1749 2678 16²·ss
