2138 2845
1042 170 1077 209 4

1020 311 1096 351 IV.

122 408 321 458 Alea-ius,
339 406 460 446 miles
484 406 620 447 [Ἰνὶσὶ
637 405 688 444 de
704 405 965 457 Drnolzolecf.
985 404 1235 457 burwrmw'z·
1252 407 1552 457 Znoymensz‘s,
1574 406 1671 444 emit
1690 419 1715 445 a
1733 409 1986 448 monasterio

124 475 418 516 Oslowanensz·
449 475 592 514 villam
628 474 856 513 Mat-{inice
889 477 1066 525 erc-epto
1087 475 1193 526 jure
1229 476 1490 526 patronatus.
1555 475 1718 514 Datum
1750 475 1984 527 Znoymae,

719 541 790 583 ΓΙ.
824 542 929 582 Idus
962 542 1207 594 Februarii,
1248 542 1399 584 1268.

294 636 355 697 In
397 655 559 694 nomine
601 654 751 693 domini
794 665 927 692 amen.
992 654 1092 706 Ego
1133 653 1313 692 Alexius
1351 653 1467 693 miles
1509 655 1589 694 viri
1628 654 1778 694 nobilis
1818 655 1986 695 Domini

120 724 257 764 Vlrici
299 724 351 763 de
394 723 665 763 Dvrrenholz
706 722 977 775 Burggravii
1018 722 1270 760 znoimensis
1313 721 1512 762 Omnibus
1553 722 1661 762 hanc
1703 724 1880 763 litteram
1918 724 1984 763 in-

119 793 330 844 specturis
371 792 423 831 ad
465 793 526 831 rei
567 791 800 831 memoriam
848 790 1155 839 sempiternam.
1218 790 1424 830 Actiones
1472 802 1552 843 que
1602 793 1775 832 racione
1815 793 1984 844 pietatis

119 872 315 915 congrue
349 873 397 900 ac
433 862 540 899 iuste
574 858 672 898 fiunt
706 870 763 898 ex
797 858 1030 897 deuocione
1064 861 1236 909 propter
1265 856 1476 898 Christum
1507 862 1552 898 ut
1577 860 1751 899 stabiles
1785 872 1837 900 ac
1870 858 1984 900 firme

118 933 393 982 permaneant
434 933 475 967 et
515 932 558 967 ut
597 928 765 967 tollatur
812 927 895 966 litis
935 927 1104 966 occasio
1147 927 1473 966 successoribus
1512 928 1554 966 in
1592 926 1783 967 futurum.
1824 928 1984 968 decens

119 1002 185 1038 est
226 1002 268 1038 et
310 1008 492 1037 necesse
532 1000 575 1036 ut
615 997 844 1036 litterarum
884 996 1075 1046 apicibus
1125 995 1179 1034 ad
1220 997 1532 1046 repressionem
1574 997 1710 1036 tocius
1751 997 1985 1047 calumpnie

118 1067 449 1119 perhemientur.
512 1066 616 1105 Inde
661 1069 726 1105 est
760 1065 869 1117 quod
909 1067 1121 1116 protestor
1161 1068 1203 1104 et
1240 1067 1375 1104 notum
1418 1075 1519 1105 esse
1558 1066 1679 1116 cupio
1720 1065 1986 1116 presencium

119 1136 430 1186 inspectoribus
464 1137 506 1174 et
539 1134 797 1173 auditoribus
830 1133 1043 1172 vniuersis
1085 1133 1194 1184 quod
1228 1133 1376 1172 dudum
1418 1137 1516 1173 ante
1550 1137 1807 1173 contractum
1839 1134 1985 1173 matri-

118 1205 292 1244 monium
326 1215 402 1254 per
444 1203 576 1242 uerba
611 1203 663 1242 de
705 1202 893 1253 presenti
927 1213 1018 1240 cum
1062 1201 1237 1241 Domina
1272 1213 1363 1241 mea
1406 1202 1602 1242 Zweizla
1633 1213 1774 1242 umore
1805 1214 1898 1242 mea
1932 1202 1985 1242 de

118 1273 331 1311 uoluntate
381 1272 675 1310 liberalissima
727 1274 768 1310 et
816 1281 1030 1309 consensu
1072 1271 1332 1309 serenissimi
1384 1270 1549 1310 Domini
1592 1270 1793 1309 Otackari
1840 1271 1985 1325 Regis

119 1342 364 1380 Boemorum
413 1339 552 1388 Quinti
604 1341 713 1378 inter
760 1339 1034 1378 Abbatissam
1082 1342 1124 1377 et
1174 1337 1435 1378 Conuentum
1482 1339 1724 1377 Monialium
1771 1338 1823 1378 de
1874 1339 1984 1379 Ozla

120 1408 422 1450 Cisterciensis
458 1409 627 1448 Ordinis
661 1419 718 1446 ex
753 1412 872 1458 parte
905 1419 988 1445 una
1023 1410 1064 1445 et
1096 1417 1159 1445 me
1193 1418 1249 1445 ex
1290 1407 1423 1446 altera
1457 1406 1619 1458 quidam
1653 1412 1897 1446 contractus
1931 1407 1984 1446 de

119 1477 230 1518 sacto
263 1479 490 1518 interuenit
530 1478 693 1517 scilicet
733 1477 786 1516 de
826 1477 1032 1528 emptione
1072 1476 1285 1515 cuiusdam
1330 1476 1427 1517 ville
1467 1477 1670 1515 illerle'niz
1712 1477 1875 1515 nomine
1909 1487 1983 1526 pro

120 1548 355 1601 nonaginta
387 1547 539 1586 marc1s
566 1547 657 1597 puri
692 1546 863 1600 argenti
889 1556 969 1597 que
992 1544 1121 1584 habet
1145 1545 1333 1585 XXXII.
1360 1544 1509 1584 laneos
1543 1548 1585 1584 et
1610 1545 1730 1584 XIII.
1762 1544 1976 1584 subsides.

120 1620 239 1668 prata
282 1620 322 1655 et
357 1627 516 1667 pascua
558 1627 678 1667 quam
711 1615 896 1666 plurima.
941 1626 1062 1666 quam
1102 1613 1250 1653 eedem
1290 1613 1524 1652 Abbatissa
1565 1616 1607 1654 91
1648 1610 1895 1656 Conuentus
1929 1613 1981 1653 de

121 1685 224 1725 Ozla
257 1686 365 1724 iusto
399 1684 513 1724 titulo
547 1684 600 1723 ab
634 1685 726 1734 ipsa
760 1683 923 1723 cenobii
958 1681 1200 1722 fundatione
1234 1683 1373 1734 quiete
1413 1685 1455 1721 et
1495 1680 1668 1733 pacifice
1703 1682 1984 1732 possederunt

120 1754 365 1804 interposita
415 1753 629 1792 dumtaxat
680 1753 745 1804 pia
793 1751 1032 1791 conditione
1083 1755 1125 1791 et
1172 1750 1477 1790 consuetudine
1526 1750 1758 1802 approbata
1806 1754 1848 1793 ut
1887 1754 1982 1802 post

119 1827 288 1862 mortem
320 1833 451 1862 meam
484 1822 672 1861 exclusis
706 1832 840 1860 uxore
875 1832 964 1860 mea
999 1824 1040 1860 et
1073 1819 1164 1859 tiliis
1190 1824 1225 1859 si
1260 1831 1365 1872 quos
1398 1820 1617 1860 habiturus
1644 1817 1763 1858 suero
1797 1820 1838 1859 111
1872 1817 1983 1860 sutu-

119 1905 206 1931 rum
250 1895 291 1931 et
324 1891 554 1930 heredibus
598 1891 808 1930 vniuersis
843 1890 942 1929 villa
982 1889 1146 1928 dimidia
1181 1888 1231 1928 de
1274 1889 1474 1928 Mertiniz
1509 1900 1582 1938 pro
1627 1887 1810 1927 remedio
1844 1889 1980 1928 anime

120 1972 210 2000 mee
254 1964 295 1999 et
335 1961 470 1999 salute
510 1972 703 1999 carorum
743 1970 922 1998 meorum
966 1960 1057 1997 sine
1100 1960 1205 1998 omni
1248 1957 1581 1997 contradictione
1631 1960 1673 1996 91
1716 1957 1982 1997 cauillatione

121 2029 304 2080 qualibet
337 2029 387 2066 ad
424 2030 716 2078 proprietatem
750 2029 963 2079 pristinam
999 2031 1040 2066 91
1073 2039 1172 2068 usus
1197 2027 1450 2070 dominarum
1484 2026 1643 2066 rediret
1676 2030 1856 2076 excepto
1891 2026 1982 2065 ivre

121 2102 365 2149 patronatus
408 2097 591 2135 ecclesie
634 2097 731 2135 ville
773 2097 824 2136 de
868 2097 1081 2136 lilertiniz.
1123 2107 1243 2148 quam
1285 2095 1337 2134 ad
1379 2095 1640 2134 collationem
1681 2098 1723 2134 et
1757 2097 1982 2144 presenta-

120 2167 269 2206 tionem
312 2164 474 2216 prel'ate
517 2165 747 2204 Abbatisse
789 2170 830 2204 et
863 2164 1108 2205 Conuentus
1149 2165 1227 2204 sibi
1266 2165 1369 2216 ipsis
1411 2164 1655 2215 specialiter
1694 2167 1983 2203 reseruarunt.

122 2237 201 2275 hoc
236 2237 365 2277 eciam
400 2235 564 2274 adiecto
599 2235 763 2285 qnando
797 2236 936 2273 carnis
972 2235 1151 2274 debitum
1185 2234 1353 2273 soluere
1379 2233 1591 2274 moriendo
1624 2234 1659 2272 si
1694 2233 1761 2284 qui
1796 2232 1906 2271 lanei
1943 2232 1984 2271 in

123 2305 270 2344 eadem
306 2305 401 2344 villa
429 2303 723 2342 inhabitabiles
758 2301 910 2341 suerint
936 2306 977 2341 et
1010 2303 1148 2341 inculti
1183 2314 1272 2342 cum
1307 2303 1400 2342 aliis
1426 2303 1560 2342 laneis
1594 2302 1703 2341 bene
1730 2301 1851 2341 cultis
1875 2301 1983 2339 inter

123 2376 392 2414 Abbatissam
434 2378 474 2412 et
515 2371 774 2414 Conuentum
816 2375 855 2411 et
899 2371 1081 2410 heredes
1123 2383 1230 2421 equa
1271 2375 1386 2410 sorte
1427 2383 1516 2412 cum
1559 2372 1688 2427 pratis
1729 2374 1770 2409 et
1811 2369 1978 2420 pascuis

123 2444 372 2482 diuidantur.
415 2444 563 2482 Actum
598 2443 636 2480 in
672 2441 831 2481 Znoim.
866 2441 917 2479 ll.
946 2440 1043 2478 Idus
1078 2439 1194 2478 Maii.
1244 2440 1290 2477 In
1319 2440 1549 2479 huiusmodi
1584 2439 1709 2478 debiti
1743 2439 1980 2475 contractus

123 2512 370 2550 conditionis
406 2513 471 2562 pie
506 2509 821 2549 consuetudinis
855 2508 1085 2558 approbate
1129 2509 1361 2548 memoriam
1396 2509 1669 2547 testimonium
1703 2510 1744 2544 91
1777 2505 1980 2544 cautelam

126 2581 220 2632 qnia
262 2581 404 2635 sigillo
450 2580 616 2631 proprio
658 2578 773 2618 carui
819 2581 1054 2629 presentem
1098 2577 1297 2630 paginam
1340 2578 1482 2629 sigillo
1525 2575 1674 2615 domini
1715 2574 1791 2613 mei
1833 2573 1978 2613 domini
