2138 2845
963 178 1067 219 349

83 332 361 363 successores
410 320 464 361 de
508 320 778 374 querimonia,
827 332 946 373 quam
1000 324 1146 360 contra
1194 330 1269 359 eos
1320 323 1597 371 proposuerat
1645 332 1717 372 pro
1765 320 1941 372 quadam

82 391 318 432 hereditate
352 390 574 430 adiacente
602 391 641 429 in
665 388 955 431 Smodrowz'ce
987 388 1038 427 de
1065 388 1235 440 propria
1262 388 1474 428 voluntate
1501 388 1714 428 absolutos
1742 391 1940 443 permisit7

81 460 139 501 ita
171 460 280 514 quod
313 461 406 511 ipsa
440 463 481 499 et
512 457 668 499 fratres
711 459 802 498 eius
837 468 1061 509 eorumque
1094 467 1374 496 successores
1407 456 1460 496 de
1493 457 1733 508 supradicta
1767 458 1941 498 heredi-

80 532 166 569 tate
208 529 381 569 vlterius
420 528 570 568 nullam
611 528 853 581 cogitarent
892 526 1051 565 habere
1102 526 1369 565 mencionem.
1433 526 1508 565 Isti
1550 529 1684 565 testes
1725 525 1939 566 affuerunt.

81 598 285 638 Dominus
312 597 562 638 Herbordus
595 595 768 647 dapifer.
803 595 1029 648 Heningus
1063 592 1168 634 filius
1203 596 1305 634 eius.
1339 592 1604 633 Wolframus
1638 593 1690 633 de
1715 593 1941 634 Petrowic.

80 666 381 718 Marqvardus.
415 665 576 716 vaus.
609 664 771 715 Mylata
805 661 872 701 filii
906 663 1108 715 quondam
1135 662 1395 703 Swirczonis
1429 662 1481 701 de
1508 662 1640 702 Nasil.
1673 661 1939 702 Slauiborius

80 733 134 773 de
167 734 381 773 Virsovic.
420 732 663 785 Strachota,
704 732 955 771 burcravius
998 731 1050 770 de
1093 730 1275 771 Gredce.
1324 730 1552 783 Bolidalus7
1594 730 1844 770 burcrauius
1887 730 1940 770 de

81 799 300 842 Czevelin.
332 801 559 840 Heinricus
594 801 780 840 notarius
814 801 950 854 regis.
984 799 1050 839 De
1081 799 1381 839 IVratislawia
1407 796 1633 839 Cvnradus
1667 798 1719 838 de
1751 799 1940 849 Kyselo-

78 870 175 910 wic.
223 868 490 909 Beneficiarii
541 869 842 920 Opawienses:
899 870 1051 908 Brumo
1094 869 1256 907 villicus
1296 868 1431 921 regis.
1479 867 1682 906 Niculcec
1730 868 1939 907 sudarius.

78 938 261 978 Iacobus
299 939 503 978 notarius.
547 937 756 978 Crizanus
795 937 1101 976 vicesudarius.
1140 936 1383 976 Hodislaus.
1425 936 1525 975 Item
1568 936 1635 974 alii
1675 936 1939 989 Zyghardus

78 1007 330 1061 sagittarius
356 1007 495 1061 regis·
519 1005 784 1047 Svatoslaus.
819 1003 1045 1044 Cvnradus
1072 1005 1123 1043 de
1149 1004 1263 1043 Bruk
1298 1005 1404 1043 ciuis
1432 1004 1714 1055 Opawiensis.
1748 1005 1936 1044 Ditricus

77 1074 206 1114 iudex
237 1074 290 1114 de
323 1075 497 1126 Lupcic.
561 1075 670 1114 Acta
702 1078 799 1114 sunt
840 1074 919 1113 hec
960 1075 1000 1113 in
1035 1073 1213 1125 Opawia
1254 1074 1388 1112 tercia
1428 1071 1535 1112 feria
1569 1078 1662 1124 post
1695 1073 1799 1112 diem
1833 1074 1936 1113 Pal-

76 1154 243 1182 marum.
283 1144 331 1183 In
363 1143 485 1183 huius
518 1147 654 1182 autem
687 1144 748 1182 rei
782 1147 910 1197 geste
934 1144 1128 1197 vigorem
1163 1153 1341 1193 presens
1374 1142 1571 1192 scriptum
1606 1143 1772 1180 istorum
1806 1141 1935 1196 sigil-

76 1211 206 1251 lorum
245 1213 474 1263 apensione
516 1215 682 1251 constat
717 1211 967 1250 roboratum.
1030 1210 1186 1264 Sigillo
1229 1208 1406 1261 dapiferi
1445 1211 1498 1249 H.
1542 1211 1667 1249 villici
1701 1211 1934 1265 Brumonis7

76 1281 226 1320 notarii
259 1280 516 1321 Swatoborii
550 1283 592 1319 et
623 1279 840 1319 Niculonis
873 1279 1032 1318 sudarii
1065 1278 1222 1332 sigillo.

385 1378 438 1410 Ex
462 1377 666 1420 originali
688 1378 719 1408 in
743 1377 878 1409 archivo
903 1376 953 1409 M.
976 1377 1190 1409 Prioratus
1216 1375 1491 1408 Melitensium
1516 1376 1683 1418 Pragae.

883 1543 1124 1587 CCLXXI.

72 1648 292 1700 Nicotaus,
315 1647 407 1687 dux
434 1647 635 1700 opat-iae,
655 1646 827 1686 eandem
851 1648 1174 1697 resiymde'onem
1201 1645 1349 1685 allodia·
1373 1646 1416 1685 z'n
1434 1645 1724 1686 Smodrowice
1748 1650 1930 1686 les-lawr.

557 1717 627 1755 Dt.
662 1717 704 1755 in
737 1715 925 1765 Hradec,
958 1727 1099 1754 mense
1131 1716 1266 1767 Jlajo,
1306 1713 1458 1754 1288.

218 1807 332 1870 Nos
364 1827 581 1878 Nycolaus
615 1825 682 1865 dei
715 1826 868 1880 gracia
902 1825 986 1865 dux
1019 1825 1193 1876 Opauie.
1257 1826 1543 1864 Protestamur
1576 1829 1617 1864 et
1649 1829 1795 1864 tenore
1829 1836 1930 1876 pre-

70 1895 246 1935 sentium
287 1899 386 1946 aput
429 1896 651 1935 vniuersos
692 1892 940 1946 profitemur7
991 1895 1098 1945 quod
1147 1905 1255 1933 anno
1305 1894 1453 1932 domini
1504 1892 1927 1934 MCCLXXXVIII.

70 1963 171 2003 XV.
212 1964 354 2004 XIIII.
395 1967 437 2003 et
476 1964 594 2003 XIII.
634 1962 854 2002 Kalendas
894 1963 1011 2001 Iunii.
1054 1960 1161 2001 seria
1200 1962 1332 2001 tercia
1379 1960 1527 2000 festum
1574 1962 1687 2001 beati
1726 1962 1924 2001 Iohannis

68 2031 195 2072 beate
228 2031 480 2084 mecedem,
521 2035 707 2071 matrona
747 2030 921 2083 quedam
955 2030 1173 2081 Adleydis,
1207 2031 1368 2070 nomine
1403 2030 1670 2070 Zolherinna
1703 2032 1925 2084 cognomi-

69 2103 183 2153 nata,
223 2110 305 2152 que
347 2103 388 2139 et
427 2100 508 2139 alio
548 2099 761 2139 cuiusdam
803 2100 880 2138 viri
921 2099 985 2138 sui
1025 2101 1187 2138 nomine
1229 2098 1475 2138 Holzlzinna
1517 2102 1791 2151 nuncupatur7
1834 2110 1925 2138 cum

69 2167 217 2220 quibus
255 2167 370 2207 horis
409 2169 501 2207 siue
544 2167 692 2207 diebus
731 2168 886 2207 curiam
935 2171 1116 2206 nostram
1163 2171 1278 2207 terre
1326 2171 1470 2206 nostre
1513 2167 1734 2220 generalis
1784 2167 1923 2218 placiti

67 2235 331 2290 generaliter
364 2236 538 2275 edictam
562 2237 600 2275 in
624 2240 762 2276 castro
782 2240 923 2276 nostro
950 2235 1080 2275 Gretz
1114 2235 1378 2288 haberemus,
1402 2238 1585 2274 nostram
1614 2235 1762 2274 ibidem
1788 2235 1922 2274 multis

67 2304 224 2343 nostris
256 2304 476 2357 nobilibus,
509 2304 715 2354 mylitibus
749 2308 790 2343 et
822 2304 1138 2355 clinappouibus
1171 2308 1296 2355 atque
1329 2304 1490 2343 ciuibus
1524 2304 1679 2343 nostris
1713 2304 1921 2342 asseden-

65 2371 176 2412 tibus
209 2372 469 2423 presenciam
503 2372 776 2425 antecedens7
811 2373 885 2410 iuri
920 2384 995 2410 suo
1029 2383 1158 2422 super
1191 2371 1364 2423 quodam
1397 2372 1546 2412 allodio
1581 2374 1619 2411 in
1652 2372 1919 2413 ›S'umleru-ilz

65 2444 109 2481 et
141 2441 382 2492 quibusdam
407 2441 542 2480 laneis
571 2441 852 2493 attinentibus„
881 2453 953 2491 pro
980 2453 1058 2492 quo
1083 2445 1124 2480 et
1151 2452 1224 2492 pro
1251 2441 1398 2493 quibus
1423 2453 1513 2481 cum
1538 2439 1668 2480 fratre
1698 2438 1918 2491 Teodrico,

65 2509 223 2548 ordinis
266 2522 299 2549 s.
334 2510 537 2549 Iohanni-s·
578 2509 630 2549 de
670 2510 863 2560 hospitali
903 2510 1234 2550 commendatore
1275 2510 1327 2549 de
1370 2508 1568 2560 Crolmilt,
1608 2509 1762 2559 aliquot
1795 2507 1915 2545 annis

63 2577 156 2618 siue
188 2579 440 2629 temporibus
476 2578 637 2633 brigam
665 2578 785 2632 litigii
821 2578 916 2618 licet
942 2580 1070 2618 minus
1104 2578 1242 2619 debite
1269 2578 1546 2619 ventilauerat
1579 2582 1703 2628 atque
1737 2574 1912 2625 soum-als.
