2138 2845
1020 191 1090 233 58

125 339 352 377 attinentes
387 336 613 387 predictam
648 335 751 375 dare
786 335 984 375 decimam
1017 346 1099 374 non
1133 338 1361 388 negarent.
1409 335 1499 373 Nos
1533 335 1666 389 igitur
1698 334 1851 374 auditis
1883 335 1988 374 alle-

124 406 370 460 gationibus
410 406 630 455 Vtriusque
670 404 932 443 decreuimus
973 407 1014 442 et
1053 404 1283 456 statuimus7
1324 407 1368 442 ut
1409 404 1487 442 iam
1529 403 1664 442 dictus
1697 403 1902 444 sacerdos
1936 403 1988 443 de

124 474 375 516 Scheroticz
408 478 477 513 aut
510 474 660 525 aliquis
694 485 859 512 suorum
893 484 1187 512 successorum
1227 484 1307 511 non
1344 476 1554 522 presumat
1587 473 1772 526 exigere
1804 471 1990 511 decimas

124 544 166 582 in
205 543 302 581 villa
355 547 592 594 memorata,
634 543 711 581 nisi
763 543 875 593 prius
925 541 1172 580 adiacentes
1211 541 1310 580 ville
1360 540 1492 580 eidem
1536 541 1722 580 ecclesie
1762 541 1989 580 attinentes

124 612 353 664 predictam
395 612 497 651 dare
538 612 736 650 decimam
780 611 1069 661 conpellantur
1111 614 1153 649 et
1191 609 1338 648 nullam
1380 609 1432 648 de
1474 609 1687 663 neglectis
1728 609 1851 648 huius
1891 609 1990 648 anni

125 681 298 720 decimis
331 679 487 719 faciant
520 681 788 731 mentionem3
822 679 900 717 sed
934 679 1220 729 vnusquisque
1250 678 1512 717 sacerdotum
1547 679 1588 716 in
1615 678 1760 717 eadem
1793 677 1990 717 residens

126 749 310 788 ecclesia
345 752 566 788 contentus
600 747 759 785 decima
793 748 846 785 sit
879 747 1062 797 antiqua.
1127 746 1277 786 Datum
1317 751 1416 798 aput
1449 745 1665 786 Chremsir
1697 758 1806 786 anno
1840 746 1991 786 domini

125 816 395 858 MCCLXX.
433 817 473 855 in
508 816 574 854 die
608 815 719 854 beati
754 815 967 866 Mauricij.

438 914 467 946 E
493 917 723 946 transumto
747 913 958 953 'rhemon-ici,
984 914 1132 955 episcopi
1156 911 1396 955 Olomucensis‚
1419 914 1451 944 in
1473 914 1564 946 arch,
1588 913 1625 946 S.
1648 914 1681 946 J.
1706 915 1948 947 Brunensis.

994 1081 1133 1120 XLV.

126 1184 362 1233 narrabas,
390 1186 653 1224 camerarius
680 1185 920 1239 ‚norm-iae,
942 1186 1209 1236 protestatum
1235 1183 1458 1235 De‘tonetm
1492 1184 1630 1223 virum
1662 1183 1854 1236 nobilem,
1887 1183 1995 1224 bona

126 1266 205 1293 sua
244 1255 288 1293 in
322 1241 663 1293 &ernnmlfowzce
703 1253 930 1292 contulisse
962 1254 1216 1291 monasterio
1253 1252 1562 1292 oscowanenszz
1626 1253 1717 1292 Act.
1759 1254 1995 1305 Znoymae,

738 1321 884 1360 Idibus
922 1320 1183 1372 Decembris,
1225 1320 1376 1361 1270.

268 1414 383 1476 Nos
416 1433 635 1473 Hartlibus
668 1433 930 1472 kamerarius
963 1433 1158 1472 Morauie
1199 1435 1241 1472 et
1275 1433 1525 1484 purcrauius
1558 1432 1598 1471 in
1632 1432 1860 1484 Aychorns
1893 1443 1995 1484 pre-

131 1503 316 1542 sencium
359 1502 668 1553 inspectoribus
710 1507 751 1541 et
788 1502 1047 1540 auditoribus
1088 1502 1313 1540 vniuersis.
1377 1501 1445 1539 Ne
1480 1500 1559 1539 hiis
1591 1512 1671 1552 que
1705 1505 1916 1554 geruntur
1955 1502 1995 1540 in

130 1575 318 1623 tempore
347 1573 388 1610 in
415 1575 625 1622 posterum
662 1571 793 1621 possit
827 1572 976 1621 opponi
1011 1570 1240 1620 calumpnia
1267 1575 1307 1609 et
1330 1575 1373 1608 ut
1396 1570 1562 1608 tollatur
1585 1570 1667 1609 litis
1693 1570 1863 1609 occasio
1895 1581 1998 1609 suc-

129 1641 374 1679 cessoribus
397 1638 614 1679 infuturum
635 1641 818 1678 eternari
841 1639 977 1678 solent
1000 1642 1194 1678 memoria
1216 1639 1455 1678 litterarum.
1491 1638 1593 1678 Inde
1619 1643 1685 1677 est
1707 1638 1815 1689 quod
1841 1639 1997 1678 nostris

130 1708 278 1748 litteris
313 1714 590 1760 protestamur
624 1708 731 1759 quod
766 1708 951 1747 dominus
986 1708 1119 1747 Dillzo
1151 1709 1215 1746 uir
1249 1707 1399 1746 nobilis
1434 1707 1628 1746 diuinitus
1662 1708 1889 1758 inspiratus
1922 1719 1997 1758 pro

130 1778 312 1817 remedio
363 1778 498 1816 anime
545 1788 622 1816 sue
676 1781 716 1816 et
765 1789 957 1816 carorum
1010 1789 1175 1816 suorum
1225 1781 1307 1816 tam
1359 1777 1544 1815 vinorum
1589 1788 1707 1827 quam
1749 1781 1995 1815 mortuorum

133 1848 312 1897 quinque
346 1846 494 1885 laneos
528 1850 569 1885 et
603 1846 805 1885 dimidium
840 1846 922 1885 Lx
956 1848 1109 1898 iugera
1144 1846 1352 1899 lignorum
1387 1845 1492 1884 duas
1527 1850 1670 1895 partes
1704 1845 1922 1883 molendini
1957 1845 1996 1883 in

132 1916 228 1953 villa
264 1927 343 1966 que
380 1915 530 1954 dicitur
558 1914 936 1955 Chamimaum-iez-
969 1915 1140 1953 contulit
1160 1915 1392 1954 Abbatisse
1426 1917 1468 1952 et
1501 1914 1723 1952 conuentui
1758 1913 1998 1953 monasterii

132 1983 184 2022 de
220 1983 324 2023 Osla
358 1985 662 2035 cysterciensis
697 1984 854 2022 ordinis
888 1988 1103 2034 postquam
1144 1984 1250 2021 viam
1291 1984 1492 2022 vniuerse
1534 1983 1675 2020 carnis
1708 1980 1832 2021 fuerit
1865 1983 1997 2022 intro-

132 2052 280 2090 ductus
314 2052 393 2090 hac
427 2053 627 2091 videlicet
660 2053 899 2091 conditione
934 2053 1151 2092 interiecta
1180 2052 1288 2103 quod
1320 2053 1354 2090 si
1381 2050 1487 2090 infra
1513 2052 1724 2090 terminum
1750 2052 1849 2090 anni
1875 2051 1997 2090 vnius

133 2122 171 2159 in
223 2132 302 2171 quo
352 2119 571 2159 defunctus
620 2120 743 2160 suerit
792 2133 894 2160 suus
943 2120 1047 2160 filius
1096 2121 1203 2160 bona
1244 2122 1438 2172 superius
1479 2124 1696 2170 prenotata
1739 2132 1811 2171 pro
1852 2120 1996 2160 decem

132 2190 283 2228 marcis
327 2190 497 2242 argenti
541 2190 746 2228 redimere
790 2191 968 2229 voluerit
1009 2191 1100 2229 sine
1135 2190 1240 2229 omni
1274 2189 1605 2229 contradictione
1639 2189 1808 2228 liberam
1843 2189 1999 2228 habeat

133 2256 381 2297 facultatem.
445 2257 491 2297 Si
533 2268 633 2296 uero
668 2259 900 2297 uoluntarie
934 2259 1001 2298 uel
1035 2260 1173 2310 inopia
1207 2259 1438 2310 depressus
1471 2270 1496 2298 a
1530 2258 1813 2309 redemptione
1847 2269 1996 2297 reces-

132 2327 236 2365 serit
270 2327 562 2376 prcmissorum
596 2326 826 2365 Abbatissa
870 2331 911 2366 et
953 2332 1186 2367 conuentus
1229 2340 1303 2379 pro
1337 2328 1457 2368 bonis
1491 2327 1648 2366 eisdem
1683 2328 1822 2378 quiete
1857 2326 1996 2376 possi-

135 2395 284 2434 dendis
317 2394 426 2434 XVI
459 2406 622 2433 marcas
657 2396 828 2448 argenti
864 2396 995 2434 eidem
1030 2397 1328 2450 assignabunt.
1393 2398 1447 2436 Et
1480 2408 1532 2436 ne
1566 2396 1645 2435 bec
1680 2396 1920 2446 protestatio
1955 2397 1997 2432 et

135 2464 302 2503 donatio
350 2476 374 2502 a
421 2464 617 2517 malignis
664 2464 939 2517 malignorum
987 2464 1188 2505 hominum
1235 2466 1593 2520 suggestionibus
1638 2465 1768 2515 possit
1807 2463 1995 2501 inmutari

135 2536 372 2584 presentem
416 2533 590 2571 litteram
632 2533 764 2585 sigilli
808 2533 937 2571 nostri
979 2534 1195 2573 munimine
1244 2533 1416 2573 fecimus
1458 2535 1651 2584 recipere
1694 2530 1995 2570 firmamentum.

134 2602 282 2641 Actum
331 2603 369 2641 in
411 2602 571 2652 Znoym
620 2602 721 2641 ldus
770 2601 1033 2641 Decembris.
1083 2603 1207 2642 Anno
1250 2603 1397 2642 domini
1438 2603 1498 2642 M.
1532 2598 1621 2641 CC.
1656 2600 1794 2640 Lxx.
1843 2598 1996 2641 Coram
