2138 2845
1074 159 1178 199 352

983 299 1058 341 CC
1066 301 1269 342 LXXIV.

200 397 411 438 Cciborius
436 396 487 435 de
505 394 743 447 Grunbery,
772 395 1055 447 buryfflavius
1081 396 1125 434 in
1148 394 1345 434 Eiclzorn
1366 393 1539 434 eandem
1565 394 1829 436 donationem
1854 395 2057 438 bonorum

301 467 345 505 in
378 465 558 506 ›S'luclein
591 468 815 504 altestatur.
880 465 953 504 Dt.
986 464 1178 515 Brimo-<39
1218 463 1324 502 XII.
1367 462 1592 503 Kalendas
1625 464 1764 515 Junii,
1803 464 1956 506 1288.

339 557 464 630 Ego
489 575 742 627 Sthyborius
770 575 822 614 de
851 573 1178 628 Grvnenherch,
1204 574 1480 625 purchrauius
1505 574 1544 614 in
1579 574 1818 628 Eychorns⁷
1847 577 2060 626 protestor

199 646 387 685 omnibus
421 649 463 685 et
494 645 676 698 singulis
710 647 950 695 presentem
983 643 1141 682 visuris
1174 644 1244 683 vel
1277 643 1481 683 audituris
1513 643 1704 697 litteram,
1732 643 1840 695 quod
1872 643 2061 683 dominus

197 714 492 754 Hartnmnnus
525 713 577 751 de
610 712 870 763 Holensleyn
902 712 1011 751 bona
1045 723 1122 751 sua
1155 712 1196 751 in
1226 711 1436 763 Stltvdyn,
1460 711 1605 751 decem
1637 711 1787 751 laneos
1812 715 1855 751 et
1879 716 2063 752 aratrum

198 785 286 822 tota
318 793 407 821 cum
441 782 711 834 instructura7
745 780 879 829 siluis,
913 780 1058 833 pratis⁷
1091 781 1194 820 ortis
1227 781 1469 832 ceterisque
1502 780 1667 820 cunctis
1700 781 1939 820 attinenciis
1972 780 2063 820 suis

199 863 272 903 pro
306 850 488 890 remedio
523 851 659 889 anime
692 860 770 889 sue
803 852 847 889 et
879 848 1020 888 dilecti
1052 847 1195 888 fratris
1228 849 1306 902 sui⁷
1341 849 1492 888 domini
1535 850 1747 903 Boliussii⁷
1790 860 1870 889 nec
1903 851 2063 889 nonet

199 931 389 958 carorum
430 923 645 970 parentum
687 929 853 958 suorum
893 917 1064 957 contulit
1105 921 1147 957 et
1188 918 1358 958 donauit
1392 918 1634 958 deuotarum
1667 918 1853 972 collegio
1896 918 2061 957 sancti-

198 987 430 1026 monialium
479 988 519 1026 i11
569 986 692 1037 θεῖα,
734 998 836 1026 suos
879 988 919 1027 in
961 999 1063 1026 Vsus
1105 999 1179 1038 pro
1220 987 1336 1026 libitu
1376 987 1510 1027 libero
1544 986 1783 1041 redigenda
1817 990 1859 1026 et
1890 986 2061 1037 proprie

199 1061 402 1107 perpetuo
439 1056 708 1107 possidenda.
762 1056 817 1096 Vt
849 1056 929 1096 hec
963 1060 1098 1096 autem
1132 1056 1201 1108 pia
1225 1056 1403 1096 donacio
1429 1056 1605 1108 predicti
1632 1056 1783 1096 domini
1813 1055 2062 1094 Hartmanni

199 1136 249 1163 ac
284 1136 374 1164 mea
408 1126 663 1175 protestacio
705 1122 818 1164 firma
859 1126 913 1165 sit
952 1129 994 1165 et
1034 1130 1126 1165 rata
1166 1129 1409 1177 permaneat
1449 1128 1491 1164 et
1529 1125 1791 1178 inconuulsa,
1824 1126 2064 1176 presentem

199 1193 376 1232 litteram
419 1194 520 1233 iussi
571 1194 648 1232 mei
698 1194 829 1248 sigilli
872 1194 1092 1234 mvnimine
1135 1194 1341 1233 roborari.
1407 1194 1558 1234 Datum
1607 1194 1648 1234 in
1687 1195 1876 1234 Brvnna.
1938 1192 2064 1233 Anno

201 1262 349 1301 domini
382 1263 442 1302 M.
477 1260 566 1304 CC.
601 1263 785 1302 LXXX.
820 1263 938 1302 VIII.
1002 1264 1101 1303 XII.
1135 1263 1353 1303 Kalendas
1387 1263 1508 1302 Iunii.

511 1362 565 1393 Ex
590 1362 787 1403 originali
811 1372 882 1393 cum
906 1361 1014 1403 sigillo
1038 1362 1166 1403 integro
1191 1361 1355 1393 ibidem.

998 1526 1263 1570 CCLXXV.

211 1630 498 1680 wenceslaus,
532 1644 615 1670 rem·
639 1632 843 1671 Boemz'ue
874 1634 916 1670 el
944 1631 1136 1671 marchio
1168 1632 1405 1683 Morsu-iae,
1432 1633 1587 1672 civitati
1611 1631 1759 1672 Brode
1780 1631 2069 1684 Hunyaricali

205 1698 366 1738 turbine
398 1699 600 1739 belloi-am
626 1700 839 1740 desolatae
861 1701 1138 1740 aremle'onem
1161 1713 1187 1739 α
1213 1700 1375 1740 tributis
1408 1701 1466 1741 ad
1490 1701 1633 1740 decem
1656 1712 1790 1740 annos
1815 1701 1859 1740 in
1880 1700 2064 1754 amplius

470 1772 688 1820 proroffltl.
752 1770 824 1808 DI.
860 1770 1094 1820 Znoymam
1129 1770 1170 1808 in
1204 1769 1272 1808 die
1304 1782 1337 1808 s.
1375 1770 1606 1821 Trinitatis,
1649 1768 1800 1809 1288.

306 1860 649 1933 Wenceslaus‚
692 1880 759 1920 dei
793 1881 947 1935 gracia
987 1892 1066 1920 rex
1099 1881 1269 1920 Boemie
1312 1885 1354 1922 et
1386 1881 1569 1921 marchio
1603 1879 1813 1933 Mon-aule,
1852 1879 2068 1920 vniuersis

204 1952 429 2000 presentes
471 1950 724 2000 inspecturis
763 1950 938 1989 salutem
981 1952 1023 1988 et
1069 1949 1303 1989 dilectionis
1343 1949 1544 1990 affectum.
1609 1950 1724 1989 Inter
1762 1948 2067 1988 sollicitudines

206 2022 372 2056 nostras
406 2017 475 2055 illa
509 2029 590 2057 non
622 2018 823 2058 modicum
848 2017 999 2057 insidet
1034 2017 1151 2057 cordi
1183 2023 1341 2072 nostro7
1374 2022 1418 2058 ut
1444 2019 1637 2058 ciuitates
1670 2021 1829 2071 nostre7
1853 2028 1934 2069 que
1966 2027 2069 2068 per-

207 2086 389 2124 mittente
431 2085 592 2125 domino
632 2090 675 2126 et
714 2097 967 2141 guerrarum
1008 2086 1174 2126 turbine
1216 2087 1409 2127 seuiente
1456 2085 1547 2127 sere
1597 2087 1649 2126 ad
1700 2089 1929 2126 extremam
1961 2095 2069 2124 ene-

209 2153 413 2191 cationem
447 2157 542 2193 sunt
580 2154 796 2210 perduete,
829 2168 904 2208 pro
930 2156 1056 2210 regia
1090 2157 1381 2207 propensionis
1407 2156 1611 2196 industrIa
1636 2155 1689 2195 ad
1716 2158 1863 2195 statum
1890 2154 2070 2195 debitum

211 2226 476 2274 reuocentur,
517 2227 560 2262 ut
593 2225 712 2263 etiam
755 2236 829 2276 pro
863 2229 1007 2264 nostre
1046 2226 1324 2279 benignitatis
1363 2225 1582 2264 clementia
1622 2223 1883 2264 seruitiorum
1918 2223 2071 2263 deuota

207 2289 410 2340 impendia
446 2290 589 2343 dignis
633 2300 744 2333 retro
785 2295 1019 2334 meritorum
1052 2296 1220 2346 premiis
1253 2298 1588 2347 compensentur,
1621 2296 1663 2332 et
1695 2303 1766 2332 res
1798 2292 1999 2346 congruit
2030 2293 2074 2331 et

208 2359 405 2397 conuenit
448 2359 667 2399 honestati.
731 2364 840 2402 Hinc
881 2366 947 2402 est
987 2363 1132 2417 igitur,
1173 2364 1281 2415 quod
1330 2375 1408 2403 nos
1461 2361 1728 2403 attendentes
1774 2360 2071 2400 desolationem

210 2427 391 2466 ciuitatis
425 2430 567 2466 nostre
602 2429 640 2466 in
674 2430 823 2469 Broda
849 2432 1137 2481 Hanqaricala‘
1169 2436 1212 2471 et
1237 2432 1384 2472 ciuium
1412 2430 1637 2471 eorundem
1669 2429 1820 2469 deuota
1853 2427 2070 2478 obsequia,

210 2506 289 2545 que
324 2495 363 2533 in
398 2506 676 2546 expensarum
711 2498 968 2539 exhibitione
1003 2504 1043 2539 et
1078 2501 1116 2539 in
1150 2501 1257 2553 aliis,
1292 2512 1380 2540 cum
1424 2499 1531 2551 apud
1568 2510 1643 2539 eos
1676 2497 1912 2549 fuissemus7
1947 2496 2067 2535 nobis

212 2561 386 2602 lideliter
435 2564 710 2617 prebuerunt7
761 2567 811 2604 ad
865 2572 1045 2607 nostrum
1096 2569 1269 2609 animum
1317 2573 1594 2621 reuocantes7
1644 2566 1919 2617 volentesque
1966 2565 2071 2617 ipsis
