2138 2845
991 189 1057 229 26

91 341 167 381 per
200 330 456 369 amicabilem
491 331 851 384 composicionem,
883 332 1052 383 Vtrique
1086 333 1189 383 parti
1223 332 1473 372 commodam
1514 337 1556 373 et
1589 333 1802 387 placidam,
1836 338 1955 386 post-

88 398 248 439 modum
281 400 389 437 inter
422 410 471 437 se
505 400 684 453 contigit
716 401 941 453 terminari,
977 401 1073 440 licet
1106 401 1360 451 postmodum
1394 413 1625 441 successor
1657 403 1754 442 dicti
1787 404 1955 443 abbatis

88 467 264 518 quedam
298 467 422 521 bona,
456 479 537 519 que
578 469 617 507 in
651 469 738 507 suis
773 469 1008 523 priuilegiis
1042 471 1319 524 continentur,
1361 474 1403 510 et
1435 471 1567 510 eciam
1600 471 1641 509 in
1675 471 1831 510 eisdem
1865 473 1954 523 pri-

89 536 262 589 uilegiis
294 547 425 593 super
450 536 528 575 hoc
563 536 685 576 editis
719 541 785 576 est
818 549 1082 591 expressum,
1111 550 1186 589 per
1219 539 1482 578 donationem
1511 540 1740 593 legitimam
1765 541 1954 581 manibus

87 606 242 644 nostris
282 606 540 659 resignarit3
588 617 733 645 verum
766 611 903 645 tamen
944 618 1001 645 ex
1048 607 1343 661 resignatione
1389 608 1619 648 huiusmodi
1669 609 1954 660 compositioni

86 675 215 724 priori
250 674 399 713 nullum
434 675 622 714 volumus
657 676 924 725 preiudicium
959 677 1180 728 generari,
1212 679 1293 714 tam
1326 678 1367 715 in
1391 677 1511 716 siluis
1545 681 1586 716 et
1619 689 1818 729 aquarum
1851 689 1953 718 cur-

86 743 217 795 sibus,
243 754 361 794 quam
392 744 430 781 in
456 743 579 795 villis,
606 744 760 781 nostris
787 742 1033 782 officialibus
1060 743 1311 798 inhibentes,
1337 757 1390 784 ne
1411 746 1594 786 audeant
1618 747 1685 786 uel
1714 750 1954 798 presumant

86 810 402 851 Olomucensem
427 811 650 849 ecclesiam
678 812 903 850 occasione
929 811 1165 850 donationis
1200 813 1386 863 predicte
1412 815 1452 853 in
1485 816 1573 854 suis
1608 816 1952 866 possessionibus

87 880 351 930 perturbare.
417 877 766 929 Compositionein
810 881 915 919 enim
951 878 1152 930 prefatam
1193 884 1323 919 ratam
1364 885 1406 921 et
1437 881 1588 922 firmam
1629 885 1816 923 volumus
1850 896 1952 935 per-

87 959 271 986 manere.
336 949 382 986 ln
425 949 544 986 cuius
578 949 638 987 rei
673 949 947 988 testimonium
989 953 1227 1000 presentem
1260 949 1448 989 cedulam
1488 953 1712 1006 conscribi,
1746 957 1789 993 et
1820 953 1953 1008 sigilli

84 1017 213 1055 nostri
243 1017 460 1055 munimine
496 1017 688 1055 iussimus
714 1019 966 1057 communiri.
1013 1019 1150 1058 Huius
1183 1020 1245 1057 rei
1273 1022 1407 1058 testes
1441 1024 1555 1059 sunt:
1589 1021 1788 1060 Andreas
1823 1023 1952 1076 regni

85 1086 256 1124 Boemie
304 1086 575 1124 camerarius.
624 1086 797 1124 Vlricus
846 1086 899 1126 de
949 1088 1070 1127 Noua
1119 1087 1251 1127 domo.
1293 1088 1466 1128 Vlricus
1505 1088 1650 1140 Lepus
1693 1090 1952 1144 burgrauius

83 1154 340 1207 Pragensis.
388 1154 618 1193 Hartleuus
667 1156 925 1195 camerarius
972 1156 1181 1196 Morauie.
1230 1157 1448 1210 Magister
1489 1158 1642 1197 Petrus
1690 1159 1785 1198 aule
1824 1159 1952 1213 regie

84 1223 379 1275 cancellariuS,
433 1223 823 1276 XVissegradensis
873 1226 1122 1275 prepositus.
1182 1226 1397 1276 Philippus
1446 1231 1487 1266 et
1536 1227 1787 1266 Lambertus
1835 1228 1952 1267 curie

84 1296 228 1330 nostre
272 1292 436 1344 notarii,
480 1295 521 1330 et
562 1293 631 1330 alii
673 1293 951 1343 quamplures.
1013 1294 1165 1332 Datum
1199 1306 1353 1348 prage.
1386 1296 1511 1334 Anno
1545 1295 1695 1335 domini
1727 1296 1951 1336 Millesimo

84 1359 367 1400 ducentesimo
400 1360 483 1399 Lx
516 1372 638 1399 nono.
672 1359 830 1409 Quarto
863 1362 964 1401 Idus
995 1363 1166 1414 Aprilise

396 1459 451 1491 Ex
476 1460 672 1501 originali
695 1461 726 1492 in
750 1461 885 1493 archivo
909 1461 1184 1503 archiepiscopali
1209 1461 1521 1495 Cremsiriensi.

958 1629 1079 1669 xxl.

86 1729 246 1768 Plures
274 1730 464 1781 episcopi
490 1729 773 1779 indulsyenlias
800 1732 1021 1771 ecclesiam
1046 1734 1286 1772 Lunensem
1312 1732 1574 1772 visitantibus
1598 1736 1637 1772 et
1655 1733 1950 1786 adjuvantibus

410 1798 686 1849 elmyz'unlur.
751 1800 822 1839 Dl.
856 1801 1091 1851 Znoymae,
1128 1801 1273 1841 Idibus
1306 1802 1443 1853 dumi,
1484 1802 1636 1841 1269.

228 1890 341 1951 Nos
383 1939 392 1948 .
434 1939 443 1948 .
487 1909 554 1948 dei
597 1912 741 1964 gratia
792 1911 1110 1965 Vrisingensis,
1159 1914 1206 1952 P.
1248 1914 1531 1967 Pataviensis,
1576 1914 1623 1952 B.
1664 1915 1946 1969 Brixinensis,

82 1978 288 2028 B.[runo]
323 1978 626 2033 olomucensis,
661 2009 671 2019 .
705 2010 714 2019 .
748 1980 1027 2021 Secoviensis
1062 1982 1274 2033 Episcopi.
1318 1982 1516 2022 Omnibus
1551 1981 1708 2023 Christi
1743 1982 1946 2037 fidelibus,

82 2052 307 2097 presentes
347 2047 509 2087 litteras
560 2049 825 2102 inspecturis,
868 2050 1041 2089 salutem
1087 2052 1391 2101 sempiternam.
1456 2049 1690 2101 Cupientes
1732 2053 1850 2102 proni
1893 2052 1944 2092 ad

83 2117 274 2170 graciam
308 2118 500 2169 inueniri,
535 2129 623 2157 eam
658 2119 737 2157 illis
770 2120 1043 2173 inpendimus,
1078 2132 1185 2171 quos
1218 2121 1451 2160 meritorum
1492 2121 1635 2173 gratia
1679 2126 1831 2173 gratos
1866 2121 1945 2161 deo

83 2185 307 2237 constituit,
354 2189 395 2224 et
436 2190 636 2236 acceptos
684 2186 784 2226 fecit
832 2188 998 2228 deuotio
1045 2189 1259 2239 specialis.
1324 2190 1433 2228 Hinc
1482 2194 1563 2242 est,
1612 2190 1719 2242 quod
1769 2202 1846 2229 nos
1893 2190 1946 2229 de

83 2254 374 2304 omnipotentis
423 2254 506 2293 Dei
556 2255 855 2309 misericordia,
902 2261 943 2296 et
984 2258 1198 2297 beatorum
1246 2258 1361 2297 Petri
1403 2262 1444 2298 et
1483 2258 1602 2297 Pauli
1650 2259 1945 2310 Apostolorum

83 2324 241 2362 meritis
275 2320 433 2376 conlisi,
475 2323 663 2362 omnibus
704 2335 808 2363 vere
841 2325 1051 2365 confessis
1094 2331 1136 2366 et
1168 2328 1370 2380 contritis,
1413 2328 1479 2379 qui
1514 2326 1765 2367 sestiuitates
1797 2331 1945 2367 sancte

85 2391 342 2445 Hedewigis
383 2396 425 2431 et
457 2396 606 2431 sancte
649 2393 857 2447 Elizabet,
890 2405 969 2433 nec
1010 2407 1090 2433 non
1123 2397 1257 2435 sancti
1292 2396 1486 2448 Mauricij
1527 2400 1569 2436 et
1601 2397 1806 2436 sociorum
1840 2397 1943 2448 eius,

85 2465 127 2500 et
160 2462 295 2499 sancti
337 2459 625 2513 Cholomanni,
665 2462 704 2499 in
739 2472 906 2512 quorum
949 2462 1108 2501 honore
1141 2465 1181 2502 in
1215 2465 1399 2504 ecclesia
1438 2466 1631 2505 Luc-ensi
1668 2465 1747 2503 duo
1780 2464 1942 2502 Altaria

85 2534 182 2569 sunt
222 2528 394 2568 fundata
435 2535 476 2569 et
515 2534 781 2583 consecrata,
823 2535 864 2569 et
904 2529 1044 2569 debita
1086 2534 1336 2571 reuerencia
1386 2534 1650 2572 visitauerint
1688 2535 1731 2570 et
1769 2531 1942 2585 honore,

86 2603 127 2637 et
153 2599 205 2638 de
231 2599 351 2638 bonis
376 2610 401 2638 a
428 2598 507 2638 deo
531 2599 610 2638 sibi
629 2599 791 2638 collatis
810 2599 967 2638 eisdem
992 2611 1149 2638 manum
1168 2603 1434 2650 porrexerint
1459 2601 1715 2654 adiutricem,
1734 2602 1941 2641 annuatim
