2138 2845
993 195 1022 235 3
1031 196 1060 234 2

943 337 1107 378 XXVI.

95 436 214 476 Idem
244 437 499 476 monasterio
534 434 827 475 Oslowanensz·
847 433 927 485 ιφἰιε
956 434 1205 484 patronatus
1238 431 1441 470 ecclesiae
1470 430 1667 470 Omnium
1699 430 1955 471 Sanctorum

95 509 220 546 eoelra
251 509 415 558 portam
447 505 715 545 Bremensem
748 502 978 554 confirmat.
1042 501 1201 539 Datum
1241 501 1284 539 in
1324 499 1532 550 ,nodi-icc,
1566 498 1714 538 Idibus
1749 499 1956 551 Octobris,

959 569 1111 608 1269.

240 650 405 710 Bruuo
449 667 515 707 dei
550 666 701 720 gracia
735 664 960 715 episcopus
995 662 1283 702 olomucensis
1323 663 1486 702 dilectis
1528 663 1568 702 in
1611 661 1781 703 Christo
1824 662 1961 702 abba-

94 738 200 776 tisse
234 740 276 776 et
308 737 530 775 conuentui
564 736 604 773 in
633 733 823 773 Oslaran
856 731 1013 770 ordinis
1046 732 1336 771 cisterciensis
1369 732 1543 771 salutem
1569 732 1610 771 in
1638 732 1812 771 domino.
1857 729 1960 772 Cum

95 817 121 844 a
161 806 282 844 nobis
324 805 474 856 petitur
514 802 620 854 quod
661 802 809 840 iustum
856 803 923 838 est
970 802 1011 838 et
1054 799 1272 838 honestum
1304 805 1385 839 tam
1419 801 1547 854 vigor
1587 800 1797 852 equitatis„
1839 810 1963 851 quam

96 874 199 913 ordo
234 874 373 927 exigit
406 872 579 911 rationis
622 874 664 909 ut
704 869 745 908 id
787 879 862 919 per
901 867 1217 906 sollicitudinem
1258 866 1377 906 officii
1411 869 1542 907 nostri
1575 869 1627 908 ad
1662 852 1848 908 effectum
1883 869 1962 908 de-

95 943 220 981 bitum
256 941 521 993 perducatur.
570 937 674 980 Cum
707 938 840 992 igitur
873 937 981 976 sicut
1013 940 1160 975 vestra
1194 936 1314 975 nobis
1341 936 1528 976 exhibita
1554 939 1696 988 petitio
1722 938 1964 978 continebat

96 1009 353 1063 Radolplms
387 1008 598 1049 Poszoldi
637 1006 742 1046 filius
782 1007 888 1046 ciuis
921 1005 1187 1045 Brunuensis
1223 1006 1328 1056 pium
1361 1004 1624 1045 liberalitatis
1658 1010 1699 1044 et
1732 1006 1966 1046 deuotionis

97 1080 230 1119 zelum
274 1089 386 1133 erga
425 1090 503 1118 uos
544 1081 588 1117 et
628 1080 810 1116 uestrum
851 1075 1142 1114 monasterium
1186 1085 1351 1128 gerens
1396 1075 1462 1113 ius
1503 1078 1750 1125 patronatus
1790 1075 1966 1114 ecclesie

99 1148 297 1189 Omnium
330 1147 587 1188 Sanctorum
629 1149 754 1185 extra
796 1147 955 1195 portam
994 1144 1306 1194 Brumtensem,
1340 1143 1449 1195 quod
1490 1143 1693 1182 habuisse
1736 1143 1967 1183 dinoscitur

97 1229 123 1257 a
156 1216 505 1271 progenitoribus
543 1216 631 1254 suis
665 1218 707 1253 et
739 1215 829 1252 iure
862 1212 1120 1252 hereditario
1153 1212 1396 1251 translatum
1430 1212 1485 1251 sit
1517 1213 1556 1251 in
1591 1212 1781 1265 eundem,
1815 1212 1855 1251 in
1888 1223 1967 1251 vos

100 1285 271 1325 duxerit
303 1283 639 1325 transferendum
680 1284 788 1321 sicut
827 1282 866 1320 in
899 1282 1049 1320 litteris
1093 1281 1247 1320 exinde
1287 1278 1492 1320 confectis
1536 1281 1697 1332 plenius
1737 1281 1968 1321 dinoscitur

99 1355 304 1394 contineri
340 1366 417 1393 nos
451 1358 596 1392 uestre
622 1351 857 1391 deuotionis
890 1350 1263 1400 supplicationibus
1297 1349 1480 1388 inclinati
1515 1349 1696 1402 dictique
1730 1351 1836 1389 ciuis
1869 1348 1963 1389 fac-

98 1427 179 1463 tum
213 1424 319 1474 pium
364 1426 405 1462 et
438 1421 651 1473 prouidum
685 1420 1022 1459 commendantes
1062 1419 1102 1456 in
1147 1418 1307 1457 domino
1347 1418 1468 1457 uobis
1510 1419 1574 1457 ius
1608 1418 1878 1469 presentandi
1912 1418 1963 1458 ad

100 1492 249 1531 dictam
283 1492 507 1531 ecclesiam
541 1494 684 1530 nostro
718 1492 759 1528 et
784 1499 1077 1528 successorum
1112 1491 1344 1526 nostrorum
1378 1491 1420 1526 et
1451 1487 1735 1527 archidiaconi
1770 1488 1863 1541 loci7
1897 1488 1966 1538 qui

100 1573 175 1614 pro
209 1564 395 1611 tempore
428 1558 565 1613 suerit7
600 1571 675 1611 per
708 1559 840 1598 omnia
875 1558 964 1596 iure
997 1557 1131 1609 saluo7
1165 1557 1414 1595 auctoritate
1442 1556 1655 1595 ordinaria
1679 1554 1966 1595 confirmamus

100 1630 347 1671 mandantes
387 1630 465 1668 sub
500 1628 832 1668 interminatione
865 1626 1155 1679 anathematis7
1189 1625 1339 1676 nequis
1382 1624 1490 1663 lianc
1531 1629 1713 1664 nostram
1746 1623 1968 1664 confirma·-

101 1701 251 1739 tionem
297 1704 509 1749 presumat
548 1696 785 1751 infringere
825 1696 892 1735 uel
933 1695 1011 1734 sibi
1054 1706 1158 1733 ausu
1199 1696 1420 1733 temerario
1454 1695 1678 1733 contraire.
1741 1694 1892 1733 Datum
1926 1694 1969 1732 in

102 1768 297 1810 Moderiz
331 1780 439 1808 anno
472 1765 766 1808 MCCLXIX.
798 1765 898 1805 Idus
933 1764 1143 1804 Octobris.

414 1867 443 1898 E
468 1866 609 1898 codice
637 1864 717 1898 MS.
742 1865 908 1897 ecclesiae
939 1865 1045 1895 sancti
1068 1863 1220 1895 Jacobi
1244 1863 1482 1894 Brunensis.
1511 1880 1555 1885 —-
1581 1860 1796 1904 Originale
1821 1861 1852 1893 in
1876 1861 1969 1894 curia

518 1919 722 1950 Brunensi
745 1919 951 1948 asservatur.

943 2057 1131 2098 xxvll.

107 2155 225 2196 Idem
250 2156 292 2193 in
320 2166 450 2193 causa
476 2155 560 2193 litis
591 2156 697 2194 inter
723 2153 1021 2193 monasterium
1050 2153 1248 2192 Zarense
1272 2154 1310 2189 el
1335 2151 1496 2203 fratres
1520 2149 1693 2189 militiae
1719 2148 1770 2188 de
1800 2147 1973 2200 Templo

104 2224 192 2276 fert
222 2222 442 2262 arbitrium
473 2222 525 2261 de
545 2224 650 2275 Jare
680 2222 912 2274 parochiae
944 2224 983 2260 et
1013 2221 1188 2260 decimes
1220 2222 1264 2259 in
1297 2218 1596 2271 ,llichelsdorfi
1660 2219 1733 2258 Dc.
1767 2218 1811 2257 in
1843 2216 1971 2269 Kelc',

608 2291 729 2330 VIII.
763 2289 988 2330 Kalendas
1020 2289 1284 2340 Novembris,
1325 2288 1475 2328 1269.

249 2383 365 2446 Nos
412 2403 568 2454 Bruno7
619 2401 685 2440 dei
736 2402 888 2454 gracia
938 2400 1226 2440 olomucensis
1277 2402 1529 2454 Episcopus,
1578 2398 1789 2439 vniuersis
1838 2399 1972 2436 notum

110 2472 298 2526 facimus,
333 2471 439 2523 quod
474 2483 562 2510 cum
598 2472 705 2509 inter
738 2469 1022 2508 venerabilem
1055 2470 1202 2522 virum7
1237 2470 1438 2509 dominum
1472 2469 1677 2509 Abbatem
1712 2466 1764 2505 de
1795 2464 1898 2515 Sar,
1933 2468 1975 2503 et

112 2546 360 2582 conuentum
410 2542 502 2580 eius
545 2546 585 2579 et
622 2540 783 2592 fratres
821 2538 967 2576 mililic
1006 2536 1057 2574 [Ie
1100 2538 1271 2588 'I'emplo
1313 2539 1476 2588 questio
1517 2539 1769 2585 uerteretur,
1816 2537 1857 2572 et
1898 2533 1975 2571 iam

113 2612 261 2651 dudum
302 2611 467 2665 agitata
507 2608 655 2649 suisset
697 2618 826 2659 super
868 2607 958 2645 iure
1002 2604 1237 2644 parochiali
1286 2611 1327 2645 et
1367 2606 1538 2645 decimis
1581 2604 1620 2642 in
1663 2601 1973 2652 Micloeclsdorff,
