2138 2845
967 170 1064 211 271

950 309 1085 353 CCV.

91 404 312 456 Nicotaus,
334 403 427 443 duze
453 403 718 456 (bariensis,
740 406 922 455 testatur,
946 405 1175 444 Benesium
1193 404 1244 444 de
1259 391 1385 456 Stitjn
1409 405 1652 455 resiynasse
1672 404 1949 456 Theodorico,

93 473 294 524 episcopo
322 472 604 523 olomucensi,
635 483 715 524 pro
739 473 1026 524 satisfactione
1050 472 1298 512 dominorum
1329 473 1532 511 ecelesiae
1559 473 1769 511 illatorum
1802 473 1948 511 villam

361 539 577 592 Skorotjn.
626 541 696 579 Dc.
733 540 934 593 Oparz‘ae,
975 541 1046 581 VJ.
1079 541 1182 581 Kal.
1216 540 1489 592 Septembris,
1530 539 1681 580 1282.

266 632 326 692 In
359 651 521 689 nomine
562 653 710 689 sancte
750 654 792 689 et
824 651 1033 690 indiuidue
1066 652 1261 690 trinitatis
1303 662 1436 690 amen.
1500 648 1603 691 Cum
1638 651 1948 701 dispositionum

93 723 242 758 natura
276 717 470 758 fluxibilis
503 718 770 757 humanarum
802 723 916 758 tante
949 720 1169 759 soliditatis
1212 720 1372 759 culmen
1413 720 1629 772 attingere
1672 722 1867 771 nequeat,
1908 722 1951 757 vt

93 786 146 826 de
179 788 281 838 ipsis
314 787 460 825 lituras
492 786 710 825 obliuionis
744 791 785 826 et
817 789 1138 838 calumpniarum
1172 788 1344 827 insidias
1379 799 1460 826 non
1495 791 1687 838 oporteat
1719 785 1949 826 formidari:

93 854 392 906 consequende
445 859 654 905 vtcunque
703 856 939 895 stabilitatis
993 858 1144 910 gracia
1196 857 1423 895 litterarum
1472 856 1657 894 accessit
1703 855 1950 894 rationabile

92 920 381 962 fulcimentum.
447 922 654 971 Quocirca
689 936 764 962 nos
797 924 1057 975 Nyclzolaus,
1100 925 1166 964 dei
1199 925 1353 978 gracia
1388 924 1480 963 dua·
1515 924 1783 975 Opauiensis,
1816 928 1949 962 notum

93 1001 193 1030 esse
235 995 277 1030 et
316 996 514 1030 constare
560 992 748 1030 volumus
798 993 1007 1031 vniuersis
1046 996 1126 1032 tam
1168 991 1438 1043 presentibus
1482 1004 1599 1042 quam
1641 990 1803 1040 suturis,
1843 991 1948 1042 quod

93 1057 279 1097 dominus
312 1060 546 1098 Benessius
580 1059 632 1098 de
665 1060 856 1113 Scliytin,
892 1059 994 1099 filius
1035 1060 1239 1111 quondam
1283 1060 1430 1099 domini
1463 1060 1675 1098 Dei-sizlai
1721 1060 1829 1098 bone
1862 1071 1951 1098 me-

92 1127 235 1180 morie,
278 1139 352 1177 pro
393 1128 517 1166 illatis
559 1129 789 1167 venerabili
830 1129 868 1167 iu
904 1127 1074 1167 Christo
1115 1129 1222 1178 patri
1256 1128 1416 1167 domino
1451 1127 1732 1179 Theoderico,
1766 1128 1950 1166 ecclesie

93 1193 380 1234 olomucensis
407 1196 604 1246 episcopo
630 1200 671 1234 et
696 1196 880 1235 ecclesie
905 1207 981 1235 sue
1007 1196 1196 1247 predicte
1221 1196 1407 1246 dampnis
1434 1196 1640 1249 grauibus
1667 1195 1950 1234 excommuni-

94 1264 270 1301 cationis
296 1264 519 1313 promerite
546 1264 756 1302 sententia
783 1264 837 1302 ab
864 1264 1007 1302 eodem
1027 1264 1188 1304 domino
1208 1265 1406 1315 episcopo
1427 1265 1661 1316 innodatus,
1680 1264 1952 1302 absolutionis

91 1330 369 1380 promerende
410 1332 563 1384 gracia
612 1342 687 1381 per
726 1330 1050 1370 satisfactionem
1092 1333 1283 1385 debitam,
1332 1333 1580 1371 constitutus
1620 1333 1807 1371 innostra
1852 1343 1951 1382 pre-

90 1399 228 1438 sentia
260 1400 301 1438 in
334 1398 452 1438 domo
486 1397 653 1438 fratrum
686 1400 881 1438 minorum
922 1400 962 1438 in
997 1399 1158 1450 Opauia
1198 1412 1336 1439 coram
1371 1401 1491 1439 nobis
1525 1404 1565 1439 et
1597 1404 1712 1439 terre
1745 1400 1951 1439 nobilibus

91 1478 143 1506 ac
187 1465 464 1506 beneficiariis
506 1467 814 1518 Opauiensibus
855 1467 992 1507 villam
1034 1480 1149 1507 suam
1192 1470 1356 1508 nomine
1389 1470 1573 1507 scorole'n
1605 1480 1695 1507 cum
1728 1469 1816 1507 suis
1850 1479 1952 1518 per-

90 1535 288 1589 tinentiis,
310 1536 430 1574 sitam
450 1536 488 1574 in
516 1535 701 1575 districtu
730 1536 1018 1588 Prerouiensi,
1045 1537 1180 1587 quoad
1205 1542 1319 1576 terre
1343 1537 1531 1576 iudicium
1562 1548 1634 1587 pro
1663 1535 1951 1575 satisfactione

92 1603 206 1642 dedit
233 1608 275 1642 et
301 1605 541 1657 resignauit
565 1604 603 1642 in
628 1615 773 1642 manus
801 1604 984 1643 eiusdem
1009 1604 1157 1643 domini
1183 1604 1452 1657 Theoderici,
1478 1604 1737 1643 venerabilis
1763 1605 1950 1654 episcopi

92 1671 394 1725 olomucensis,
441 1671 519 1710 sibi
568 1676 609 1711 et
655 1671 840 1710 ecclesie
888 1683 965 1711 sue
1008 1672 1272 1711 olomucensi
1316 1673 1406 1711 iure
1449 1672 1704 1711 hereditario
1748 1676 1949 1722 perpetuo

91 1740 397 1791 possidendam.
442 1739 558 1780 Omni
592 1740 743 1778 actioni
778 1744 820 1778 et
853 1741 943 1792 iuri,
980 1740 1087 1791 quod
1122 1741 1160 1779 in
1196 1740 1342 1779 eadem
1375 1741 1471 1779 uilla
1505 1741 1689 1779 scorotin
1722 1740 1849 1779 habet
1882 1740 1950 1779 uel

90 1807 250 1847 habere
292 1812 441 1860 potest,
482 1819 556 1858 pro
597 1819 645 1846 se
685 1813 727 1847 et
766 1806 965 1847 fratribus
1011 1809 1099 1847 suis
1139 1808 1372 1847 Wokcone
1419 1812 1461 1847 et
1502 1808 1707 1861 IarozlaO,
1747 1819 1827 1847 nec
1867 1819 1950 1847 non

90 1875 234 1914 liberis
267 1887 317 1914 ac
351 1876 577 1915 heredibus
611 1877 741 1927 ipsius
774 1877 1033 1929 renuntians,
1067 1880 1108 1915 et
1141 1877 1381 1927 promittens
1405 1876 1683 1929 iureiurando,
1711 1876 1818 1914 nulla
1843 1880 1948 1929 arte,

90 1944 225 1982 studio
266 1944 333 1983 uel
375 1945 550 1997 ingenio
591 1955 666 1994 per
707 1955 755 1983 se
788 1944 855 1983 uel
894 1944 1091 1997 heredes,
1134 1948 1204 1984 aut
1236 1943 1389 1984 fratres
1427 1956 1503 1983 seu
1538 1944 1720 1984 heredes
1754 1945 1947 1997 ipsorum,

91 2011 158 2050 uel
177 2012 403 2061 quempiam
429 2012 600 2050 aliorum
625 2011 918 2051 contrafacere
937 2012 1001 2051 uel
1022 2013 1188 2065 uenire,
1223 2013 1328 2063 quod
1352 2014 1402 2065 si,
1421 2012 1527 2063 quod
1547 2013 1667 2065 absit,
1687 2010 1830 2051 facere
1846 2023 1948 2062 pre-

91 2080 326 2131 sumpserit,
340 2079 513 2118 eandem
533 2080 683 2130 prioris
695 2081 1131 2119 excommunicationis
1145 2081 1327 2120 incurrat
1340 2081 1600 2133 sententiam,
1611 2080 1947 2131 diminutionique

91 2146 313 2185 subiaceat
335 2144 456 2199 fame,
488 2145 580 2185 fidei
604 2151 645 2186 et
668 2147 853 2200 honoris,
878 2152 918 2186 et
945 2148 996 2186 ad
1024 2147 1350 2187 satisfactionem
1377 2148 1661 2187 nichilominus
1689 2148 1740 2187 de
1761 2149 1946 2198 dampnis

91 2214 216 2253 illatis
250 2214 410 2253 domino
445 2215 642 2265 episcopo
677 2220 719 2254 et
751 2216 935 2254 ecclesie
968 2227 1044 2254 sue
1079 2216 1266 2266 predicte
1300 2228 1355 2255 ex
1390 2217 1560 2270 integro
1594 2222 1798 2256 teneatur.
1856 2217 1946 2256 Nos

90 2282 232 2333 itaque
279 2281 621 2335 satisfactionem,
669 2283 927 2322 donationem
976 2287 1017 2322 et
1058 2285 1291 2323 cessionem
1332 2285 1572 2339 predictam,
1624 2289 1764 2336 vtpote
1814 2286 1946 2324 ratio-

91 2351 269 2390 nabilem
313 2356 354 2390 et
393 2351 615 2404 salubrem,
655 2355 783 2390 ratam
824 2355 866 2391 et
904 2352 1225 2391 commendatam
1268 2353 1487 2406 habenam,
1528 2355 1669 2407 rogati
1712 2357 1753 2392 et
1793 2353 1945 2392 inducti

91 2418 289 2470 precibus
337 2420 588 2471 Vtriusque,
626 2419 773 2459 domini
830 2421 1014 2470 episcopi
1071 2420 1267 2460 videlicet
1321 2426 1362 2460 ct
1410 2423 1604 2461 Benessii
1656 2422 1944 2473 predictorum,

91 2487 298 2537 amplioris
333 2487 384 2526 ad
419 2488 582 2527 cautele
616 2487 936 2526 habundantiam
980 2499 1158 2538 presens
1198 2490 1393 2540 scriptum
1434 2491 1643 2529 conscribi
1677 2489 1862 2540 secimuS,
1904 2491 1945 2526 et

91 2555 336 2611 sigillorum,
383 2557 511 2596 nostri
555 2557 717 2596 scilicet
765 2561 807 2596 et
856 2557 987 2607 ipsius
1031 2558 1224 2597 Benessii
1274 2569 1323 2597 ac
1373 2560 1593 2598 amicorum
1642 2560 1746 2611 eius,
1795 2556 1942 2596 domini
