2138 2845
1021 217 1126 258 236

137 374 217 414 que
251 363 395 413 Kopce·
432 361 672 415 uulgariter
704 360 909 414 dicuntur,
949 371 1085 412 usque
1125 360 1176 400 ad
1209 361 1330 414 uiam,
1372 371 1453 412 que
1493 359 1644 400 dicitur
1682 361 2002 402 Bezmirowska

137 434 271 482 cesta5
306 442 386 482 que
419 432 486 469 uia
520 430 664 470 diuidit
697 442 774 470 seu
807 430 1028 484 distinguit
1052 442 1187 482 usque
1220 430 1272 469 ad
1306 428 1483 484 fluuium,
1517 430 1668 469 dictum
1696 430 1928 481 >Radsclze3
1961 434 2003 472 et

135 503 252 538 trans
291 497 454 539 fluuium
495 499 722 550 predictum
765 500 952 550 predicta
993 500 1061 538 uia
1102 499 1323 553 distinguit
1365 510 1499 550 usque
1540 499 1592 538 ad
1633 497 1811 554 fluuium,
1852 499 2003 539 dictum

140 567 265 608 reba.
331 566 447 616 Quas
490 572 622 608 metas
662 572 703 607 et
743 566 860 621 fines,
902 572 1022 618 prout
1062 569 1258 617 superius
1298 572 1396 606 sunt
1438 578 1664 621 expresse,
1705 580 1783 607 nos
1825 567 2003 619 predicti

137 638 361 688 episcopus
395 641 436 676 et
469 637 604 676 abbas
638 641 755 676 ratas
796 637 1003 675 habentes
1042 640 1084 675 et
1117 640 1285 690 gratas,
1320 638 1437 687 ipsas
1471 639 1755 690 acceptamus,
1788 639 1831 676 et
1854 639 2003 677 tenore

138 707 393 756 presentium
426 704 725 745 confirmamus.
774 704 843 743 Ad
876 703 999 743 huius
1032 708 1168 743 autem
1201 706 1264 743 rei
1298 705 1529 744 memoriam
1564 709 1606 744 et
1638 705 1767 744 robur
1799 708 2002 757 perpetuo

136 775 354 813 ualiturum
390 777 611 824 presentes
645 774 807 812 litteras
841 773 996 812 exinde
1024 771 1113 812 lieri
1147 760 1410 825 fecimus,'et
1435 778 1668 813 nostrorum
1702 784 1753 812 ac
1788 774 2003 824 predicto-

139 855 240 895 rum,
276 841 452 883 Gotfridi
478 843 692 895 prepositi,
717 842 922 896 Gregorii
944 842 1111 895 decani,
1140 842 1253 881 Petri
1280 842 1579 896 archidiaconi,
1605 842 1767 882 'rhome
1792 846 1834 882 et
1860 842 2004 882 Alexii

140 912 456 965 prepositorum,
506 922 556 950 ac
598 911 791 965 magistri
831 910 1100 964 Theoderici,
1150 910 1453 963 archidiaconi,
1502 911 1735 965 sigillorum
1784 911 2004 950 munimine

140 980 344 1019 roborari.
408 981 558 1019 Actum
607 983 649 1019 et
689 979 826 1019 datum
868 980 909 1019 in
948 980 1155 1033 Kogetin.
1218 980 1345 1020 Anno
1385 979 1535 1020 domini
1581 980 1644 1020 M.
1684 978 1774 1021 CC.
1816 980 2004 1020 LXXX.

139 1048 236 1088 VII.
269 1048 370 1087 Idus
402 1049 639 1088 Februarii.
703 1048 937 1088 Indictione
969 1049 1090 1088 VllI.

448 1148 503 1180 Ex
526 1147 753 1180 Annalibus
779 1147 1112 1180 Gradicensibus
1137 1147 1248 1181 MSS.
1271 1167 1314 1171 -
1336 1147 1505 1180 Excusum
1527 1147 1681 1181 ibidem
1705 1166 1745 1171 —
1769 1157 1847 1191 pag.
1871 1146 1934 1180 70.

948 1313 1194 1356 CLXXIII.

140 1418 305 1469 Brmw,
333 1418 556 1470 episcopus
575 1417 882 1469 olomucensis,
902 1417 1102 1459 Conrado
1122 1417 1173 1457 de
1197 1417 1513 1469 Jorohne'wice,
1535 1418 1700 1471 famulo
1723 1429 1814 1470 suo,
1828 1417 2006 1471 feudum

169 1489 212 1526 in
244 1487 478 1526 Pustome'i·
510 1487 685 1539 confert.
749 1487 822 1526 Dt.
862 1487 906 1526 in
939 1486 1066 1537 liele,
1096 1487 1211 1538 seria
1243 1486 1324 1527 IV.
1364 1487 1459 1526 ante
1490 1485 1744 1526 dominicam
1774 1487 1973 1527 Laetare.

994 1555 1147 1596 1280.

289 1648 456 1709 Bruno
490 1666 557 1706 dei
590 1667 744 1720 gracia
777 1667 1002 1717 episcopus
1037 1665 1341 1719 Olomucensis,
1380 1663 1530 1705 famulo
1562 1676 1639 1705 suo
1672 1665 1825 1706 dilecto
1859 1665 2006 1707 Chon-

139 1735 261 1775 rado.
295 1735 406 1774 dicto
438 1735 489 1774 de
522 1734 748 1775 Germa-iz
780 1740 820 1775 et
854 1735 1082 1775 heredibus
1115 1737 1203 1774 suis
1237 1736 1278 1774 in
1311 1738 1568 1786 perpetuum.
1616 1735 1806 1789 Dignum
1838 1736 2006 1790 agimus

138 1808 180 1845 et
214 1805 383 1843 racione
417 1815 639 1857 mouemur,
681 1804 771 1844 dum
807 1815 947 1844 eorum
988 1805 1055 1856 qui
1089 1816 1137 1844 se
1171 1804 1307 1858 nobis,
1347 1808 1390 1843 et
1422 1804 1608 1844 ecclesie
1647 1809 1792 1844 nostre
1825 1805 2006 1844 seruiles

138 1873 342 1912 exhibent
381 1878 422 1912 et
456 1871 614 1912 fideles.
648 1884 1019 1924 recompensamus
1060 1874 1244 1912 seruicia
1277 1871 1425 1912 fauore
1467 1883 1518 1911 ac
1552 1873 1704 1926 gracia
1738 1873 1928 1926 speciali,
1960 1877 2007 1913 vt

137 1941 382 1982 seruencius
416 1943 570 1981 nostris
612 1942 806 1981 insistant
840 1942 1070 1994 obsequiis,
1112 1941 1203 1980 dum
1238 1940 1421 1981 fauorem
1457 1945 1640 1980 nostrum
1680 1941 1760 1981 sibi
1793 1943 2006 1981 senserint

138 2010 322 2050 affuisse.
386 2011 495 2050 Ilinc
537 2014 615 2064 est,
650 2010 758 2061 quod
800 2011 1001 2061 inspectis
1035 2011 1291 2049 sinceritatis
1333 2014 1403 2049 tue
1437 2010 1647 2063 seruiciis,
1689 2020 1769 2061 que
1810 2010 1931 2049 nobis
1963 2011 2005 2050 in

140 2080 325 2118 ecclesie
366 2083 510 2118 nostre
552 2080 750 2133 negociis
800 2083 841 2118 et
882 2079 1140 2132 vtilitatibns,
1189 2091 1270 2118 non
1313 2078 1527 2130 parcendo
1569 2079 1697 2118 rebus
1740 2082 1782 2118 et
1822 2089 2005 2130 persone

141 2149 430 2199 prointitudine
472 2153 602 2201 grata
637 2150 713 2187 iam
755 2148 914 2188 diucius
949 2149 1197 2200 impendisti,
1238 2152 1279 2187 et
1319 2148 1511 2186 intendas
1552 2149 1590 2186 in
1633 2147 1862 2187 huiusmodi
1904 2158 2005 2198 per—

142 2217 296 2255 sistere
330 2217 524 2255 seruiciis
559 2218 838 2256 incessanter.
903 2215 1090 2268 Cumque
1124 2214 1394 2256 benefecisse
1428 2217 1548 2255 bonis
1590 2214 1780 2256 fidelibus
1813 2218 1866 2255 sit
1899 2217 2005 2256 omni

145 2290 263 2335 parte
307 2284 527 2338 lucrosum,
567 2286 656 2324 Nos
689 2286 760 2325 tibi
802 2287 868 2337 qui
908 2290 964 2340 te,
1004 2290 1082 2325 tam
1124 2284 1217 2325 lidei
1259 2286 1450 2339 puritate,
1491 2296 1611 2337 quam
1651 2285 1923 2324 sei-uictorum
1963 2288 2006 2324 et

106 2370 109 2372 ·
143 2353 326 2392 laborum
362 2353 607 2406 exigencia,
632 2355 926 2394 retribucionis
961 2356 1116 2406 premio
1144 2355 1315 2408 dignum
1349 2354 1491 2393 reddis
1515 2355 1659 2394 danius
1686 2357 1728 2393 et
1753 2351 2004 2393 conserimus

142 2422 374 2461 liberaliter
421 2425 463 2460 et
504 2422 682 2461 libenter
728 2424 769 2462 in
818 2423 995 2477 feodum,
1036 2425 1204 2475 capituli
1252 2424 1383 2463 nostri
1424 2423 1658 2462 accedente
1698 2432 1923 2474 consensu,
1964 2422 2003 2461 in

144 2491 354 2531 Pus-(imir
395 2490 498 2529 duos
532 2502 699 2529 mansos
740 2496 781 2530 et
814 2492 1031 2545 dimidium,
1075 2493 1307 2544 ibidemque
1342 2493 1473 2532 nostri
1516 2492 1686 2542 pomerii
1728 2489 2002 2542 medietatem,

143 2566 185 2599 et
218 2559 300 2598 alia
333 2560 410 2597 tria
440 2559 636 2612 pomeria,
671 2570 751 2609 que
774 2561 856 2598 tuis
882 2561 1094 2600 laboribus
1127 2566 1169 2601 et
1200 2562 1427 2613 sumptibus
1460 2559 1723 2613 comparasti,
1749 2569 1838 2597 cum
1871 2559 2004 2597 omni-

145 2629 224 2669 bus
257 2628 504 2669 vtilitatibus
537 2628 775 2683 eorundem,
809 2629 1009 2669 videlieet
1040 2641 1129 2670 cum
1163 2641 1310 2683 censu,
1344 2629 1509 2682 iudicio,
1542 2628 1697 2668 steuris
1730 2626 2003 2679 omnibusque
