<?xml version="1.0" encoding="UTF-8"?>
<!DOCTYPE html PUBLIC "-//W3C//DTD XHTML 1.0 Transitional//EN"
    "http://www.w3.org/TR/xhtml1/DTD/xhtml1-transitional.dtd">
<html xmlns="http://www.w3.org/1999/xhtml" xml:lang="en" lang="en">
 <head>
  <title>
</title>
<meta http-equiv="Content-Type" content="text/html;charset=utf-8" />
  <meta name='ocr-system' content='tesseract 3.04.00' />
  <meta name='ocr-capabilities' content='ocr_page ocr_carea ocr_par ocr_line ocrx_word'/>
</head>
<body>
  <div class='ocr_page' id='page_1' title='image "./codexdiplomaticu04morauoft/codexdiplomaticu04morauoft_0447.png"; bbox 0 0 2138 2845; ppageno 0'>
   <div class='ocr_carea' id='block_1_1' title="bbox 991 202 1091 244">
    <p class='ocr_par' dir='ltr' id='par_1_1' title="bbox 991 202 1091 244">
     <span class='ocr_line' id='line_1_1' title="bbox 991 202 1091 244; baseline 0 0"><span class='ocrx_word' id='word_1_1' title='bbox 991 202 1091 244; x_wconf 85' lang='lat'><strong>401</strong></span> 
     </span>
    </p>
   </div>
   <div class='ocr_carea' id='block_1_2' title="bbox 115 341 1982 2173">
    <p class='ocr_par' dir='ltr' id='par_1_2' title="bbox 115 341 1982 2173">
     <span class='ocr_line' id='line_1_2' title="bbox 117 341 1980 398; baseline -0.003 -11"><span class='ocrx_word' id='word_1_2' title='bbox 117 346 261 387; x_wconf 81' lang='lat' dir='ltr'><strong>harum</strong></span> <span class='ocrx_word' id='word_1_3' title='bbox 303 347 418 387; x_wconf 86' lang='lat' dir='ltr'><strong>serie</strong></span> <span class='ocrx_word' id='word_1_4' title='bbox 461 358 589 386; x_wconf 88' lang='lat' dir='ltr'><strong>nosse</strong></span> <span class='ocrx_word' id='word_1_5' title='bbox 628 346 814 386; x_wconf 85' lang='lat' dir='ltr'><strong>volumus</strong></span> <span class='ocrx_word' id='word_1_6' title='bbox 858 349 1081 398; x_wconf 76' lang='lat' dir='ltr'>presentes</span> <span class='ocrx_word' id='word_1_7' title='bbox 1125 348 1168 385; x_wconf 90' lang='lat' dir='ltr'><strong>et</strong></span> <span class='ocrx_word' id='word_1_8' title='bbox 1209 347 1401 396; x_wconf 89' lang='lat' dir='ltr'><strong>posteros</strong></span> <span class='ocrx_word' id='word_1_9' title='bbox 1444 344 1765 397; x_wconf 75' lang='lat' dir='ltr'><strong>uniuersosque,</strong></span> <span class='ocrx_word' id='word_1_10' title='bbox 1807 354 1884 383; x_wconf 89' lang='lat' dir='ltr'><strong>nos</strong></span> <span class='ocrx_word' id='word_1_11' title='bbox 1926 341 1980 382; x_wconf 85' lang='lat' dir='ltr'><strong>ob</strong></span> 
     </span>
     <span class='ocr_line' id='line_1_3' title="bbox 118 412 1981 468; baseline -0.002 -13"><span class='ocrx_word' id='word_1_12' title='bbox 118 417 398 456; x_wconf 87' lang='lat' dir='ltr'><strong>reuerentiam</strong></span> <span class='ocrx_word' id='word_1_13' title='bbox 432 416 499 455; x_wconf 89' lang='lat' dir='ltr'><strong>dei</strong></span> <span class='ocrx_word' id='word_1_14' title='bbox 528 420 570 455; x_wconf 92' lang='lat' dir='ltr'><strong>et</strong></span> <span class='ocrx_word' id='word_1_15' title='bbox 594 417 904 455; x_wconf 87' lang='lat' dir='ltr'><strong>venerationem</strong></span> <span class='ocrx_word' id='word_1_16' title='bbox 934 416 972 454; x_wconf 93' lang='lat' dir='ltr'><strong>b.</strong></span> <span class='ocrx_word' id='word_1_17' title='bbox 996 414 1136 454; x_wconf 83' lang='lat' dir='ltr'><strong>Marie</strong></span> <span class='ocrx_word' id='word_1_18' title='bbox 1163 414 1344 468; x_wconf 79' lang='lat' dir='ltr'><strong>virginis</strong></span> <span class='ocrx_word' id='word_1_19' title='bbox 1369 414 1574 468; x_wconf 79' lang='lat' dir='ltr'><strong>gloriose7</strong></span> <span class='ocrx_word' id='word_1_20' title='bbox 1598 413 1639 452; x_wconf 92' lang='lat' dir='ltr'><strong>in</strong></span> <span class='ocrx_word' id='word_1_21' title='bbox 1667 414 1786 452; x_wconf 92' lang='lat' dir='ltr'><strong>cuius</strong></span> <span class='ocrx_word' id='word_1_22' title='bbox 1818 412 1981 452; x_wconf 86' lang='lat' dir='ltr'>honore</span> 
     </span>
     <span class='ocr_line' id='line_1_4' title="bbox 118 480 1980 536; baseline -0.003 -11"><span class='ocrx_word' id='word_1_23' title='bbox 118 484 366 525; x_wconf 87' lang='lat' dir='ltr'><strong>venerabile</strong></span> <span class='ocrx_word' id='word_1_24' title='bbox 400 485 689 524; x_wconf 87' lang='lat' dir='ltr'><strong>monasterium</strong></span> <span class='ocrx_word' id='word_1_25' title='bbox 725 483 923 525; x_wconf 67' lang='lat' dir='ltr'><strong>Stloense</strong></span> <span class='ocrx_word' id='word_1_26' title='bbox 954 482 1163 523; x_wconf 80' lang='lat' dir='ltr'><strong>fundatum</strong></span> <span class='ocrx_word' id='word_1_27' title='bbox 1196 480 1287 522; x_wconf 92' lang='lat' dir='ltr'><strong>sore</strong></span> <span class='ocrx_word' id='word_1_28' title='bbox 1321 482 1588 536; x_wconf 81' lang='lat' dir='ltr'>dignoscitur</span> <span class='ocrx_word' id='word_1_29' title='bbox 1621 485 1662 522; x_wconf 90' lang='lat' dir='ltr'><strong>et</strong></span> <span class='ocrx_word' id='word_1_30' title='bbox 1685 484 1980 535; x_wconf 78' lang='lat' dir='ltr'><strong>constructum,</strong></span> 
     </span>
     <span class='ocr_line' id='line_1_5' title="bbox 118 549 1980 605; baseline -0.003 -12"><span class='ocrx_word' id='word_1_31' title='bbox 118 554 258 593; x_wconf 86' lang='lat' dir='ltr'><strong>dilecti</strong></span> <span class='ocrx_word' id='word_1_32' title='bbox 292 554 411 592; x_wconf 91' lang='lat' dir='ltr'><strong>nobis</strong></span> <span class='ocrx_word' id='word_1_33' title='bbox 452 553 602 593; x_wconf 88' lang='lat' dir='ltr'><strong>domini</strong></span> <span class='ocrx_word' id='word_1_34' title='bbox 634 552 792 605; x_wconf 70' lang='lat' dir='ltr'><strong>Iacobi,</strong></span> <span class='ocrx_word' id='word_1_35' title='bbox 833 552 1090 591; x_wconf 86' lang='lat' dir='ltr'><strong>honorabilis</strong></span> <span class='ocrx_word' id='word_1_36' title='bbox 1130 551 1296 590; x_wconf 88' lang='lat' dir='ltr'><strong>abbatis</strong></span> <span class='ocrx_word' id='word_1_37' title='bbox 1335 550 1521 590; x_wconf 88' lang='lat' dir='ltr'><strong>eiusdem</strong></span> <span class='ocrx_word' id='word_1_38' title='bbox 1563 551 1819 603; x_wconf 62' lang='lat' dir='ltr'><strong>monasterii7</strong></span> <span class='ocrx_word' id='word_1_39' title='bbox 1860 549 1980 589; x_wconf 89' lang='lat' dir='ltr'><strong>iustis</strong></span> 
     </span>
     <span class='ocr_line' id='line_1_6' title="bbox 116 617 1979 675; baseline -0.004 -12"><span class='ocrx_word' id='word_1_40' title='bbox 116 634 166 663; x_wconf 85' lang='lat' dir='ltr'><strong>ac</strong></span> <span class='ocrx_word' id='word_1_41' title='bbox 199 622 418 662; x_wconf 84' lang='lat' dir='ltr'><strong>humilibus</strong></span> <span class='ocrx_word' id='word_1_42' title='bbox 451 621 823 672; x_wconf 79' lang='lat' dir='ltr'><strong>supplicationibus</strong></span> <span class='ocrx_word' id='word_1_43' title='bbox 855 622 978 661; x_wconf 85' lang='lat' dir='ltr'><strong>solite</strong></span> <span class='ocrx_word' id='word_1_44' title='bbox 1013 621 1292 675; x_wconf 76' lang='lat' dir='ltr'><strong>benignitatis</strong></span> <span class='ocrx_word' id='word_1_45' title='bbox 1326 620 1545 659; x_wconf 84' lang='lat' dir='ltr'><strong>clementia</strong></span> <span class='ocrx_word' id='word_1_46' title='bbox 1578 619 1764 658; x_wconf 90' lang='lat' dir='ltr'><strong>inclinati</strong></span> <span class='ocrx_word' id='word_1_47' title='bbox 1798 618 1850 658; x_wconf 92' lang='lat' dir='ltr'><strong>de</strong></span> <span class='ocrx_word' id='word_1_48' title='bbox 1883 617 1979 657; x_wconf 90' lang='lat' dir='ltr'><strong>uni-</strong></span> 
     </span>
     <span class='ocr_line' id='line_1_7' title="bbox 115 685 1980 741; baseline -0.002 -11"><span class='ocrx_word' id='word_1_49' title='bbox 115 691 256 730; x_wconf 86' lang='lat' dir='ltr'><strong>uersis</strong></span> <span class='ocrx_word' id='word_1_50' title='bbox 289 690 541 729; x_wconf 83' lang='lat' dir='ltr'><strong>victualibus</strong></span> <span class='ocrx_word' id='word_1_51' title='bbox 583 693 625 729; x_wconf 92' lang='lat' dir='ltr'><strong>et</strong></span> <span class='ocrx_word' id='word_1_52' title='bbox 657 690 844 729; x_wconf 92' lang='lat' dir='ltr'><strong>omnibus</strong></span> <span class='ocrx_word' id='word_1_53' title='bbox 886 690 979 729; x_wconf 90' lang='lat' dir='ltr'><strong>aliis</strong></span> <span class='ocrx_word' id='word_1_54' title='bbox 1012 690 1140 729; x_wconf 88' lang='lat' dir='ltr'><strong>rebus</strong></span> <span class='ocrx_word' id='word_1_55' title='bbox 1173 688 1434 741; x_wconf 76' lang='lat' dir='ltr'><strong>utensilibus7</strong></span> <span class='ocrx_word' id='word_1_56' title='bbox 1475 698 1757 739; x_wconf 87' lang='lat' dir='ltr'><strong>quascumque</strong></span> <span class='ocrx_word' id='word_1_57' title='bbox 1791 685 1980 738; x_wconf 83' lang='lat' dir='ltr'><strong>prefatus</strong></span> 
     </span>
     <span class='ocr_line' id='line_1_8' title="bbox 117 756 1980 812; baseline -0.002 -14"><span class='ocrx_word' id='word_1_58' title='bbox 117 759 252 799; x_wconf 88' lang='lat' dir='ltr'><strong>abbas</strong></span> <span class='ocrx_word' id='word_1_59' title='bbox 285 762 328 798; x_wconf 86' lang='lat' dir='ltr'><strong>et</strong></span> <span class='ocrx_word' id='word_1_60' title='bbox 358 761 592 798; x_wconf 84' lang='lat' dir='ltr'><strong>conuentus</strong></span> <span class='ocrx_word' id='word_1_61' title='bbox 626 760 715 798; x_wconf 89' lang='lat' dir='ltr'><strong>eius</strong></span> <span class='ocrx_word' id='word_1_62' title='bbox 749 758 802 797; x_wconf 91' lang='lat' dir='ltr'><strong>de</strong></span> <span class='ocrx_word' id='word_1_63' title='bbox 835 758 955 797; x_wconf 90' lang='lat' dir='ltr'><strong>bonis</strong></span> <span class='ocrx_word' id='word_1_64' title='bbox 988 759 1094 812; x_wconf 70' lang='lat' dir='ltr'><strong>suis7</strong></span> <span class='ocrx_word' id='word_1_65' title='bbox 1135 769 1216 809; x_wconf 89' lang='lat' dir='ltr'><strong>que</strong></span> <span class='ocrx_word' id='word_1_66' title='bbox 1247 757 1406 798; x_wconf 90' lang='lat' dir='ltr'><strong>habent</strong></span> <span class='ocrx_word' id='word_1_67' title='bbox 1438 758 1478 797; x_wconf 88' lang='lat' dir='ltr'><strong>in</strong></span> <span class='ocrx_word' id='word_1_68' title='bbox 1511 758 1728 809; x_wconf 69' lang='lat' dir='ltr'><strong>Mortalia,</strong></span> <span class='ocrx_word' id='word_1_69' title='bbox 1762 756 1815 795; x_wconf 91' lang='lat' dir='ltr'><strong>ad</strong></span> <span class='ocrx_word' id='word_1_70' title='bbox 1848 757 1980 807; x_wconf 88' lang='lat' dir='ltr'><strong>ipsum</strong></span> 
     </span>
     <span class='ocr_line' id='line_1_9' title="bbox 116 824 1981 879; baseline -0.002 -12"><span class='ocrx_word' id='word_1_71' title='bbox 116 828 409 868; x_wconf 84' lang='lat' dir='ltr'><strong>monasterium</strong></span> <span class='ocrx_word' id='word_1_72' title='bbox 443 839 559 867; x_wconf 86' lang='lat' dir='ltr'><strong>suum</strong></span> <span class='ocrx_word' id='word_1_73' title='bbox 600 828 640 867; x_wconf 90' lang='lat' dir='ltr'><strong>in</strong></span> <span class='ocrx_word' id='word_1_74' title='bbox 673 828 911 867; x_wconf 89' lang='lat' dir='ltr'><strong>Bohemiam</strong></span> <span class='ocrx_word' id='word_1_75' title='bbox 953 839 1026 879; x_wconf 89' lang='lat' dir='ltr'><strong>pro</strong></span> <span class='ocrx_word' id='word_1_76' title='bbox 1059 827 1288 878; x_wconf 86' lang='lat' dir='ltr'><strong>sumptibus</strong></span> <span class='ocrx_word' id='word_1_77' title='bbox 1329 830 1370 866; x_wconf 90' lang='lat' dir='ltr'><strong>et</strong></span> <span class='ocrx_word' id='word_1_78' title='bbox 1403 826 1605 878; x_wconf 82' lang='lat' dir='ltr'><strong>expensis</strong></span> <span class='ocrx_word' id='word_1_79' title='bbox 1646 824 1895 877; x_wconf 83' lang='lat' dir='ltr'><strong>quotidianis</strong></span> <span class='ocrx_word' id='word_1_80' title='bbox 1929 835 1981 864; x_wconf 88' lang='lat' dir='ltr'><strong>ac</strong></span> 
     </span>
     <span class='ocr_line' id='line_1_10' title="bbox 116 894 1981 948; baseline -0.001 -13"><span class='ocrx_word' id='word_1_81' title='bbox 116 896 200 936; x_wconf 85' lang='lat' dir='ltr'><strong>alia</strong></span> <span class='ocrx_word' id='word_1_82' title='bbox 238 896 415 935; x_wconf 89' lang='lat' dir='ltr'><strong>utilitate</strong></span> <span class='ocrx_word' id='word_1_83' title='bbox 454 897 586 948; x_wconf 90' lang='lat' dir='ltr'><strong>ipsius</strong></span> <span class='ocrx_word' id='word_1_84' title='bbox 626 898 863 936; x_wconf 88' lang='lat' dir='ltr'><strong>monasterii</strong></span> <span class='ocrx_word' id='word_1_85' title='bbox 912 897 1107 936; x_wconf 91' lang='lat' dir='ltr'><strong>duxerint</strong></span> <span class='ocrx_word' id='word_1_86' title='bbox 1146 896 1433 948; x_wconf 63' lang='lat' dir='ltr'><strong>adducendas,</strong></span> <span class='ocrx_word' id='word_1_87' title='bbox 1479 895 1532 934; x_wconf 88' lang='lat' dir='ltr'><strong>de</strong></span> <span class='ocrx_word' id='word_1_88' title='bbox 1575 894 1767 934; x_wconf 84' lang='lat' dir='ltr'><strong>libertate</strong></span> <span class='ocrx_word' id='word_1_89' title='bbox 1809 895 1981 947; x_wconf 83' lang='lat' dir='ltr'><strong>magni-</strong></span> 
     </span>
     <span class='ocr_line' id='line_1_11' title="bbox 118 963 1980 1016; baseline -0.002 -12"><span class='ocrx_word' id='word_1_90' title='bbox 118 963 293 1004; x_wconf 85' lang='lat' dir='ltr'><strong>ficencie</strong></span> <span class='ocrx_word' id='word_1_91' title='bbox 332 970 476 1005; x_wconf 89' lang='lat' dir='ltr'><strong>nostre</strong></span> <span class='ocrx_word' id='word_1_92' title='bbox 517 966 647 1016; x_wconf 88' lang='lat' dir='ltr'><strong>ipsum</strong></span> <span class='ocrx_word' id='word_1_93' title='bbox 696 965 888 1004; x_wconf 83' lang='lat' dir='ltr'><strong>abbatem</strong></span> <span class='ocrx_word' id='word_1_94' title='bbox 936 970 978 1005; x_wconf 92' lang='lat' dir='ltr'><strong>et</strong></span> <span class='ocrx_word' id='word_1_95' title='bbox 1017 965 1165 1004; x_wconf 83' lang='lat' dir='ltr'><strong>dictum</strong></span> <span class='ocrx_word' id='word_1_96' title='bbox 1209 968 1457 1004; x_wconf 87' lang='lat' dir='ltr'><strong>conuentum</strong></span> <span class='ocrx_word' id='word_1_97' title='bbox 1499 965 1591 1003; x_wconf 83' lang='lat' dir='ltr'><strong>eius</strong></span> <span class='ocrx_word' id='word_1_98' title='bbox 1633 975 1658 1002; x_wconf 88' lang='lat' dir='ltr'><strong>a</strong></span> <span class='ocrx_word' id='word_1_99' title='bbox 1705 963 1980 1003; x_wconf 88' lang='lat' dir='ltr'><strong>solutionibus</strong></span> 
     </span>
     <span class='ocr_line' id='line_1_12' title="bbox 116 1032 1980 1086; baseline -0.002 -12"><span class='ocrx_word' id='word_1_100' title='bbox 116 1034 402 1074; x_wconf 89' lang='lat' dir='ltr'><strong>theloneorum</strong></span> <span class='ocrx_word' id='word_1_101' title='bbox 435 1038 584 1075; x_wconf 90' lang='lat' dir='ltr'><strong>tenore</strong></span> <span class='ocrx_word' id='word_1_102' title='bbox 617 1035 870 1086; x_wconf 90' lang='lat' dir='ltr'><strong>presentium</strong></span> <span class='ocrx_word' id='word_1_103' title='bbox 904 1035 944 1073; x_wconf 89' lang='lat' dir='ltr'><strong>in</strong></span> <span class='ocrx_word' id='word_1_104' title='bbox 978 1038 1220 1085; x_wconf 89' lang='lat' dir='ltr'><strong>perpetuum</strong></span> <span class='ocrx_word' id='word_1_105' title='bbox 1253 1034 1468 1072; x_wconf 83' lang='lat' dir='ltr'><strong>eximimus</strong></span> <span class='ocrx_word' id='word_1_106' title='bbox 1509 1036 1551 1072; x_wconf 93' lang='lat' dir='ltr'><strong>et</strong></span> <span class='ocrx_word' id='word_1_107' title='bbox 1583 1032 1835 1071; x_wconf 88' lang='lat' dir='ltr'><strong>absoluimus</strong></span> <span class='ocrx_word' id='word_1_108' title='bbox 1868 1042 1980 1085; x_wconf 80' lang='lat' dir='ltr'><strong>gra-</strong></span> 
     </span>
     <span class='ocr_line' id='line_1_13' title="bbox 116 1099 1981 1157; baseline -0.002 -14"><span class='ocrx_word' id='word_1_109' title='bbox 116 1104 238 1157; x_wconf 72' lang='lat' dir='ltr'><strong>unse,</strong></span> <span class='ocrx_word' id='word_1_110' title='bbox 277 1107 321 1143; x_wconf 90' lang='lat' dir='ltr'><strong>ut</strong></span> <span class='ocrx_word' id='word_1_111' title='bbox 353 1103 487 1142; x_wconf 90' lang='lat' dir='ltr'><strong>abbas</strong></span> <span class='ocrx_word' id='word_1_112' title='bbox 530 1107 572 1143; x_wconf 89' lang='lat' dir='ltr'><strong>et</strong></span> <span class='ocrx_word' id='word_1_113' title='bbox 605 1108 836 1142; x_wconf 89' lang='lat' dir='ltr'><strong>conuentus</strong></span> <span class='ocrx_word' id='word_1_114' title='bbox 878 1103 1053 1153; x_wconf 80' lang='lat' dir='ltr'><strong>predicti</strong></span> <span class='ocrx_word' id='word_1_115' title='bbox 1092 1102 1322 1142; x_wconf 87' lang='lat' dir='ltr'><strong>huiusmodi</strong></span> <span class='ocrx_word' id='word_1_116' title='bbox 1364 1113 1436 1141; x_wconf 85' lang='lat' dir='ltr'><strong>res</strong></span> <span class='ocrx_word' id='word_1_117' title='bbox 1476 1113 1578 1141; x_wconf 86' lang='lat' dir='ltr'><strong>suas</strong></span> <span class='ocrx_word' id='word_1_118' title='bbox 1611 1102 1651 1140; x_wconf 90' lang='lat' dir='ltr'><strong>in</strong></span> <span class='ocrx_word' id='word_1_119' title='bbox 1684 1099 1981 1140; x_wconf 78' lang='lat' dir='ltr'><strong>usumfructum</strong></span> 
     </span>
     <span class='ocr_line' id='line_1_14' title="bbox 119 1170 1979 1222; baseline -0.002 -10"><span class='ocrx_word' id='word_1_120' title='bbox 119 1172 216 1212; x_wconf 87' lang='lat' dir='ltr'><strong>dicti</strong></span> <span class='ocrx_word' id='word_1_121' title='bbox 251 1172 491 1212; x_wconf 81' lang='lat' dir='ltr'><strong>monasterii</strong></span> <span class='ocrx_word' id='word_1_122' title='bbox 523 1172 588 1211; x_wconf 91' lang='lat' dir='ltr'><strong>sui</strong></span> <span class='ocrx_word' id='word_1_123' title='bbox 621 1171 673 1211; x_wconf 89' lang='lat' dir='ltr'><strong>de</strong></span> <span class='ocrx_word' id='word_1_124' title='bbox 707 1173 784 1211; x_wconf 88' lang='lat' dir='ltr'><strong>iam</strong></span> <span class='ocrx_word' id='word_1_125' title='bbox 819 1173 940 1212; x_wconf 90' lang='lat' dir='ltr'><strong>dictis</strong></span> <span class='ocrx_word' id='word_1_126' title='bbox 974 1172 1094 1211; x_wconf 92' lang='lat' dir='ltr'><strong>bonis</strong></span> <span class='ocrx_word' id='word_1_127' title='bbox 1127 1172 1216 1211; x_wconf 90' lang='lat' dir='ltr'><strong>suis</strong></span> <span class='ocrx_word' id='word_1_128' title='bbox 1248 1171 1299 1211; x_wconf 90' lang='lat' dir='ltr'><strong>ad</strong></span> <span class='ocrx_word' id='word_1_129' title='bbox 1334 1172 1449 1222; x_wconf 89' lang='lat' dir='ltr'><strong>ipsos</strong></span> <span class='ocrx_word' id='word_1_130' title='bbox 1481 1171 1522 1209; x_wconf 88' lang='lat' dir='ltr'><strong>in</strong></span> <span class='ocrx_word' id='word_1_131' title='bbox 1546 1170 1742 1210; x_wconf 80' lang='lat' dir='ltr'><strong>MorauIa</strong></span> <span class='ocrx_word' id='word_1_132' title='bbox 1774 1173 1979 1220; x_wconf 87' lang='lat' dir='ltr'><strong>spectan-</strong></span> 
     </span>
     <span class='ocr_line' id='line_1_15' title="bbox 117 1238 1980 1292; baseline -0.002 -12"><span class='ocrx_word' id='word_1_133' title='bbox 117 1241 228 1282; x_wconf 87' lang='lat' dir='ltr'><strong>tibus</strong></span> <span class='ocrx_word' id='word_1_134' title='bbox 261 1242 434 1292; x_wconf 88' lang='lat' dir='ltr'><strong>amplius</strong></span> <span class='ocrx_word' id='word_1_135' title='bbox 473 1241 606 1280; x_wconf 89' lang='lat' dir='ltr'><strong>libere</strong></span> <span class='ocrx_word' id='word_1_136' title='bbox 641 1252 716 1292; x_wconf 88' lang='lat' dir='ltr'><strong>per</strong></span> <span class='ocrx_word' id='word_1_137' title='bbox 754 1252 856 1279; x_wconf 90' lang='lat' dir='ltr'><strong>suos</strong></span> <span class='ocrx_word' id='word_1_138' title='bbox 890 1241 1076 1280; x_wconf 86' lang='lat' dir='ltr'><strong>homines</strong></span> <span class='ocrx_word' id='word_1_139' title='bbox 1117 1240 1327 1280; x_wconf 84' lang='lat' dir='ltr'><strong>adducant</strong></span> <span class='ocrx_word' id='word_1_140' title='bbox 1359 1251 1434 1290; x_wconf 90' lang='lat' dir='ltr'><strong>pro</strong></span> <span class='ocrx_word' id='word_1_141' title='bbox 1475 1250 1551 1278; x_wconf 89' lang='lat' dir='ltr'><strong>suo</strong></span> <span class='ocrx_word' id='word_1_142' title='bbox 1591 1238 1706 1278; x_wconf 90' lang='lat' dir='ltr'><strong>libito</strong></span> <span class='ocrx_word' id='word_1_143' title='bbox 1739 1238 1980 1292; x_wconf 77' lang='lat' dir='ltr'><strong>voluntatis⁷</strong></span> 
     </span>
     <span class='ocr_line' id='line_1_16' title="bbox 116 1306 1981 1361; baseline -0.002 -12"><span class='ocrx_word' id='word_1_144' title='bbox 116 1321 197 1349; x_wconf 91' lang='lat' dir='ltr'><strong>nec</strong></span> <span class='ocrx_word' id='word_1_145' title='bbox 229 1310 404 1349; x_wconf 88' lang='lat' dir='ltr'><strong>ulterius</strong></span> <span class='ocrx_word' id='word_1_146' title='bbox 437 1309 491 1349; x_wconf 88' lang='lat' dir='ltr'><strong>ad</strong></span> <span class='ocrx_word' id='word_1_147' title='bbox 524 1310 661 1361; x_wconf 86' lang='lat' dir='ltr'><strong>aliqua</strong></span> <span class='ocrx_word' id='word_1_148' title='bbox 696 1310 859 1360; x_wconf 88' lang='lat' dir='ltr'><strong>penitus</strong></span> <span class='ocrx_word' id='word_1_149' title='bbox 892 1309 1088 1349; x_wconf 87' lang='lat' dir='ltr'><strong>thelonea</strong></span> <span class='ocrx_word' id='word_1_150' title='bbox 1121 1309 1347 1348; x_wconf 86' lang='lat' dir='ltr'><strong>occasione</strong></span> <span class='ocrx_word' id='word_1_151' title='bbox 1380 1319 1516 1348; x_wconf 89' lang='lat' dir='ltr'><strong>rerum</strong></span> <span class='ocrx_word' id='word_1_152' title='bbox 1549 1319 1716 1348; x_wconf 90' lang='lat' dir='ltr'><strong>suarum</strong></span> <span class='ocrx_word' id='word_1_153' title='bbox 1749 1306 1981 1347; x_wconf 90' lang='lat' dir='ltr'><strong>huiusmodi</strong></span> 
     </span>
     <span class='ocr_line' id='line_1_17' title="bbox 117 1376 1978 1432; baseline -0.001 -15"><span class='ocrx_word' id='word_1_154' title='bbox 117 1378 379 1430; x_wconf 81' lang='lat' dir='ltr'><strong>aliquatenus</strong></span> <span class='ocrx_word' id='word_1_155' title='bbox 400 1382 634 1417; x_wconf 88' lang='lat' dir='ltr'><strong>teneantur.</strong></span> <span class='ocrx_word' id='word_1_156' title='bbox 669 1377 879 1426; x_wconf 81' lang='lat' dir='ltr'><strong>Quocirca</strong></span> <span class='ocrx_word' id='word_1_157' title='bbox 905 1379 1117 1417; x_wconf 88' lang='lat' dir='ltr'><strong>vniuersis</strong></span> <span class='ocrx_word' id='word_1_158' title='bbox 1145 1381 1187 1417; x_wconf 91' lang='lat' dir='ltr'><strong>et</strong></span> <span class='ocrx_word' id='word_1_159' title='bbox 1213 1377 1397 1432; x_wconf 80' lang='lat' dir='ltr'><strong>singulis</strong></span> <span class='ocrx_word' id='word_1_160' title='bbox 1420 1377 1556 1428; x_wconf 68' lang='lat' dir='ltr'><strong>vobis,</strong></span> <span class='ocrx_word' id='word_1_161' title='bbox 1576 1376 1628 1416; x_wconf 86' lang='lat' dir='ltr'><strong>ad</strong></span> <span class='ocrx_word' id='word_1_162' title='bbox 1652 1387 1757 1428; x_wconf 89' lang='lat' dir='ltr'><strong>quos</strong></span> <span class='ocrx_word' id='word_1_163' title='bbox 1782 1377 1978 1430; x_wconf 81' lang='lat' dir='ltr'><strong>regimen</strong></span> 
     </span>
     <span class='ocr_line' id='line_1_18' title="bbox 116 1445 1982 1499; baseline -0.001 -12"><span class='ocrx_word' id='word_1_164' title='bbox 116 1446 404 1487; x_wconf 82' lang='lat' dir='ltr'><strong>theloneorum</strong></span> <span class='ocrx_word' id='word_1_165' title='bbox 451 1447 492 1486; x_wconf 87' lang='lat' dir='ltr'><strong>in</strong></span> <span class='ocrx_word' id='word_1_166' title='bbox 534 1446 728 1486; x_wconf 87' lang='lat' dir='ltr'><strong>Morauia</strong></span> <span class='ocrx_word' id='word_1_167' title='bbox 769 1457 826 1486; x_wconf 89' lang='lat' dir='ltr'><strong>ex</strong></span> <span class='ocrx_word' id='word_1_168' title='bbox 867 1457 977 1486; x_wconf 90' lang='lat' dir='ltr'><strong>nunc</strong></span> <span class='ocrx_word' id='word_1_169' title='bbox 1019 1447 1199 1498; x_wconf 88' lang='lat' dir='ltr'><strong>pertinet</strong></span> <span class='ocrx_word' id='word_1_170' title='bbox 1239 1449 1282 1485; x_wconf 91' lang='lat' dir='ltr'><strong>et</strong></span> <span class='ocrx_word' id='word_1_171' title='bbox 1326 1447 1578 1497; x_wconf 86' lang='lat' dir='ltr'><strong>inposterum</strong></span> <span class='ocrx_word' id='word_1_172' title='bbox 1620 1445 1857 1499; x_wconf 71' lang='lat' dir='ltr'><strong>pertinebit,</strong></span> <span class='ocrx_word' id='word_1_173' title='bbox 1899 1449 1982 1485; x_wconf 91' lang='lat' dir='ltr'><strong>tam</strong></span> 
     </span>
     <span class='ocr_line' id='line_1_19' title="bbox 116 1513 1980 1568; baseline -0.002 -12"><span class='ocrx_word' id='word_1_174' title='bbox 116 1516 387 1568; x_wconf 87' lang='lat' dir='ltr'><strong>presentibus</strong></span> <span class='ocrx_word' id='word_1_175' title='bbox 427 1527 546 1567; x_wconf 86' lang='lat' dir='ltr'><strong>quam</strong></span> <span class='ocrx_word' id='word_1_176' title='bbox 588 1513 737 1556; x_wconf 89' lang='lat' dir='ltr'><strong>suturis</strong></span> <span class='ocrx_word' id='word_1_177' title='bbox 777 1515 1017 1556; x_wconf 85' lang='lat' dir='ltr'><strong>mandamus</strong></span> <span class='ocrx_word' id='word_1_178' title='bbox 1057 1516 1225 1567; x_wconf 88' lang='lat' dir='ltr'><strong>precise</strong></span> <span class='ocrx_word' id='word_1_179' title='bbox 1266 1518 1411 1554; x_wconf 90' lang='lat' dir='ltr'><strong>nostre</strong></span> <span class='ocrx_word' id='word_1_180' title='bbox 1453 1514 1597 1568; x_wconf 85' lang='lat' dir='ltr'><strong>gratie</strong></span> <span class='ocrx_word' id='word_1_181' title='bbox 1636 1525 1712 1565; x_wconf 89' lang='lat' dir='ltr'><strong>per</strong></span> <span class='ocrx_word' id='word_1_182' title='bbox 1754 1514 1980 1568; x_wconf 74' lang='lat' dir='ltr'><strong>obtentum7</strong></span> 
     </span>
     <span class='ocr_line' id='line_1_20' title="bbox 118 1580 1980 1638; baseline -0.001 -13"><span class='ocrx_word' id='word_1_183' title='bbox 118 1595 172 1625; x_wconf 89' lang='lat' dir='ltr'><strong>ne</strong></span> <span class='ocrx_word' id='word_1_184' title='bbox 205 1585 298 1636; x_wconf 88' lang='lat' dir='ltr'><strong>quis</strong></span> <span class='ocrx_word' id='word_1_185' title='bbox 331 1588 516 1624; x_wconf 89' lang='lat' dir='ltr'><strong>vestrum</strong></span> <span class='ocrx_word' id='word_1_186' title='bbox 550 1588 696 1624; x_wconf 84' lang='lat' dir='ltr'><strong>contra</strong></span> <span class='ocrx_word' id='word_1_187' title='bbox 736 1585 814 1623; x_wconf 89' lang='lat' dir='ltr'><strong>iam</strong></span> <span class='ocrx_word' id='word_1_188' title='bbox 848 1594 1058 1635; x_wconf 85' lang='lat' dir='ltr'><strong>expresse</strong></span> <span class='ocrx_word' id='word_1_189' title='bbox 1097 1585 1240 1638; x_wconf 81' lang='lat' dir='ltr'><strong>gratie</strong></span> <span class='ocrx_word' id='word_1_190' title='bbox 1272 1586 1416 1623; x_wconf 88' lang='lat' dir='ltr'><strong>nostre</strong></span> <span class='ocrx_word' id='word_1_191' title='bbox 1456 1584 1775 1622; x_wconf 89' lang='lat' dir='ltr'><strong>concessionem</strong></span> <span class='ocrx_word' id='word_1_192' title='bbox 1807 1580 1980 1623; x_wconf 87' lang='lat' dir='ltr'><strong>fauora-</strong></span> 
     </span>
     <span class='ocr_line' id='line_1_21' title="bbox 117 1650 1980 1706; baseline 0 -14"><span class='ocrx_word' id='word_1_193' title='bbox 117 1653 239 1692; x_wconf 87' lang='lat' dir='ltr'><strong>bilem</strong></span> <span class='ocrx_word' id='word_1_194' title='bbox 279 1652 332 1692; x_wconf 91' lang='lat' dir='ltr'><strong>de</strong></span> <span class='ocrx_word' id='word_1_195' title='bbox 371 1652 624 1704; x_wconf 90' lang='lat' dir='ltr'><strong>supradictis</strong></span> <span class='ocrx_word' id='word_1_196' title='bbox 668 1652 797 1691; x_wconf 88' lang='lat' dir='ltr'><strong>rebus</strong></span> <span class='ocrx_word' id='word_1_197' title='bbox 837 1652 1084 1691; x_wconf 89' lang='lat' dir='ltr'><strong>utensilibus</strong></span> <span class='ocrx_word' id='word_1_198' title='bbox 1125 1650 1274 1703; x_wconf 86' lang='lat' dir='ltr'><strong>prefati</strong></span> <span class='ocrx_word' id='word_1_199' title='bbox 1315 1651 1481 1691; x_wconf 86' lang='lat' dir='ltr'><strong>abbatis</strong></span> <span class='ocrx_word' id='word_1_200' title='bbox 1521 1655 1563 1691; x_wconf 91' lang='lat' dir='ltr'><strong>et</strong></span> <span class='ocrx_word' id='word_1_201' title='bbox 1605 1655 1838 1691; x_wconf 89' lang='lat' dir='ltr'><strong>conuentus</strong></span> <span class='ocrx_word' id='word_1_202' title='bbox 1872 1652 1980 1706; x_wconf 83' lang='lat' dir='ltr'><strong>eius,</strong></span> 
     </span>
     <span class='ocr_line' id='line_1_22' title="bbox 119 1720 1980 1775; baseline -0.001 -13"><span class='ocrx_word' id='word_1_203' title='bbox 119 1722 313 1774; x_wconf 91' lang='lat' dir='ltr'><strong>quotiens</strong></span> <span class='ocrx_word' id='word_1_204' title='bbox 346 1725 388 1762; x_wconf 90' lang='lat' dir='ltr'><strong>et</strong></span> <span class='ocrx_word' id='word_1_205' title='bbox 421 1721 763 1773; x_wconf 87' lang='lat' dir='ltr'><strong>quandocumque</strong></span> <span class='ocrx_word' id='word_1_206' title='bbox 805 1721 1005 1760; x_wconf 86' lang='lat' dir='ltr'><strong>transitus</strong></span> <span class='ocrx_word' id='word_1_207' title='bbox 1039 1732 1179 1760; x_wconf 89' lang='lat' dir='ltr'><strong>eorum</strong></span> <span class='ocrx_word' id='word_1_208' title='bbox 1222 1732 1298 1772; x_wconf 93' lang='lat' dir='ltr'><strong>per</strong></span> <span class='ocrx_word' id='word_1_209' title='bbox 1338 1725 1483 1761; x_wconf 88' lang='lat' dir='ltr'><strong>vestra</strong></span> <span class='ocrx_word' id='word_1_210' title='bbox 1523 1720 1720 1760; x_wconf 87' lang='lat' dir='ltr'><strong>thelonea</strong></span> <span class='ocrx_word' id='word_1_211' title='bbox 1753 1721 1980 1775; x_wconf 74' lang='lat' dir='ltr'><strong>dirigetur,</strong></span> 
     </span>
     <span class='ocr_line' id='line_1_23' title="bbox 118 1789 1980 1843; baseline -0.001 -13"><span class='ocrx_word' id='word_1_212' title='bbox 118 1790 285 1842; x_wconf 85' lang='lat' dir='ltr'><strong>aliquod</strong></span> <span class='ocrx_word' id='word_1_213' title='bbox 318 1790 442 1841; x_wconf 87' lang='lat' dir='ltr'><strong>plane</strong></span> <span class='ocrx_word' id='word_1_214' title='bbox 476 1789 712 1829; x_wconf 87' lang='lat' dir='ltr'><strong>theloneum</strong></span> <span class='ocrx_word' id='word_1_215' title='bbox 751 1790 938 1843; x_wconf 80' lang='lat' dir='ltr'><strong>exigere</strong></span> <span class='ocrx_word' id='word_1_216' title='bbox 976 1792 1202 1843; x_wconf 71' lang='lat' dir='ltr'><strong>presumat7</strong></span> <span class='ocrx_word' id='word_1_217' title='bbox 1243 1789 1352 1829; x_wconf 85' lang='lat' dir='ltr'><strong>sicut</strong></span> <span class='ocrx_word' id='word_1_218' title='bbox 1384 1789 1538 1828; x_wconf 82' lang='lat' dir='ltr'><strong>exinde</strong></span> <span class='ocrx_word' id='word_1_219' title='bbox 1572 1794 1714 1829; x_wconf 87' lang='lat' dir='ltr'><strong>nostre</strong></span> <span class='ocrx_word' id='word_1_220' title='bbox 1747 1790 1980 1843; x_wconf 83' lang='lat' dir='ltr'><strong>ingratitu-</strong></span> 
     </span>
     <span class='ocr_line' id='line_1_24' title="bbox 117 1858 1978 1913; baseline -0.001 -15"><span class='ocrx_word' id='word_1_221' title='bbox 117 1858 225 1898; x_wconf 88' lang='lat' dir='ltr'><strong>dinis</strong></span> <span class='ocrx_word' id='word_1_222' title='bbox 258 1859 410 1913; x_wconf 84' lang='lat' dir='ltr'><strong>grauis</strong></span> <span class='ocrx_word' id='word_1_223' title='bbox 444 1869 551 1910; x_wconf 90' lang='lat' dir='ltr'><strong>pene</strong></span> <span class='ocrx_word' id='word_1_224' title='bbox 586 1858 787 1909; x_wconf 87' lang='lat' dir='ltr'><strong>piaculum</strong></span> <span class='ocrx_word' id='word_1_225' title='bbox 821 1858 996 1911; x_wconf 81' lang='lat' dir='ltr'><strong>diligitis</strong></span> <span class='ocrx_word' id='word_1_226' title='bbox 1029 1859 1204 1897; x_wconf 86' lang='lat' dir='ltr'><strong>euitare.</strong></span> <span class='ocrx_word' id='word_1_227' title='bbox 1245 1858 1291 1897; x_wconf 93' lang='lat' dir='ltr'><strong>In</strong></span> <span class='ocrx_word' id='word_1_228' title='bbox 1325 1859 1443 1897; x_wconf 88' lang='lat' dir='ltr'><strong>cuius</strong></span> <span class='ocrx_word' id='word_1_229' title='bbox 1476 1859 1536 1897; x_wconf 86' lang='lat' dir='ltr'><strong>rei</strong></span> <span class='ocrx_word' id='word_1_230' title='bbox 1570 1859 1843 1898; x_wconf 90' lang='lat' dir='ltr'><strong>testimonium</strong></span> <span class='ocrx_word' id='word_1_231' title='bbox 1877 1869 1978 1909; x_wconf 93' lang='lat' dir='ltr'><strong>pre-</strong></span> 
     </span>
     <span class='ocr_line' id='line_1_25' title="bbox 117 1924 1978 1981; baseline 0 -15"><span class='ocrx_word' id='word_1_232' title='bbox 117 1930 265 1967; x_wconf 90' lang='lat' dir='ltr'><strong>sentes</strong></span> <span class='ocrx_word' id='word_1_233' title='bbox 297 1925 401 1981; x_wconf 70' lang='lat' dir='ltr'><strong>fieri⁷</strong></span> <span class='ocrx_word' id='word_1_234' title='bbox 435 1930 478 1966; x_wconf 90' lang='lat' dir='ltr'><strong>et</strong></span> <span class='ocrx_word' id='word_1_235' title='bbox 510 1926 744 1980; x_wconf 86' lang='lat' dir='ltr'><strong>sigillorum</strong></span> <span class='ocrx_word' id='word_1_236' title='bbox 768 1931 1001 1966; x_wconf 84' lang='lat' dir='ltr'><strong>nostrorum</strong></span> <span class='ocrx_word' id='word_1_237' title='bbox 1034 1927 1251 1966; x_wconf 88' lang='lat' dir='ltr'><strong>munimine</strong></span> <span class='ocrx_word' id='word_1_238' title='bbox 1276 1924 1450 1966; x_wconf 89' lang='lat' dir='ltr'><strong>fecimus</strong></span> <span class='ocrx_word' id='word_1_239' title='bbox 1473 1927 1703 1966; x_wconf 84' lang='lat' dir='ltr'><strong>liberaliter</strong></span> <span class='ocrx_word' id='word_1_240' title='bbox 1729 1927 1978 1966; x_wconf 84' lang='lat' dir='ltr'><strong>communiri.</strong></span> 
     </span>
     <span class='ocr_line' id='line_1_26' title="bbox 116 1994 1979 2049; baseline 0 -15"><span class='ocrx_word' id='word_1_241' title='bbox 116 1995 268 2035; x_wconf 87' lang='lat' dir='ltr'><strong>Datum</strong></span> <span class='ocrx_word' id='word_1_242' title='bbox 294 1996 444 2049; x_wconf 84' lang='lat' dir='ltr'><strong>Prage</strong></span> <span class='ocrx_word' id='word_1_243' title='bbox 469 2007 546 2046; x_wconf 90' lang='lat' dir='ltr'><strong>per</strong></span> <span class='ocrx_word' id='word_1_244' title='bbox 573 2008 718 2035; x_wconf 88' lang='lat' dir='ltr'><strong>manus</strong></span> <span class='ocrx_word' id='word_1_245' title='bbox 745 1996 937 2049; x_wconf 78' lang='lat' dir='ltr'><strong>magistri</strong></span> <span class='ocrx_word' id='word_1_246' title='bbox 963 1995 1178 2047; x_wconf 74' lang='lat' dir='ltr'><strong>Iohannis7</strong></span> <span class='ocrx_word' id='word_1_247' title='bbox 1203 1994 1410 2035; x_wconf 85' lang='lat' dir='ltr'><strong>Sacensis</strong></span> <span class='ocrx_word' id='word_1_248' title='bbox 1438 1996 1652 2048; x_wconf 72' lang='lat' dir='ltr'><strong>prepositi,</strong></span> <span class='ocrx_word' id='word_1_249' title='bbox 1677 1995 1979 2046; x_wconf 86' lang='lat' dir='ltr'><strong>prothonotarii</strong></span> 
     </span>
     <span class='ocr_line' id='line_1_27' title="bbox 118 2062 1978 2116; baseline -0.001 -13"><span class='ocrx_word' id='word_1_250' title='bbox 118 2065 249 2104; x_wconf 89' lang='lat' dir='ltr'><strong>nostri</strong></span> <span class='ocrx_word' id='word_1_251' title='bbox 307 2065 525 2116; x_wconf 72' lang='lat' dir='ltr'><strong>Morauie7</strong></span> <span class='ocrx_word' id='word_1_252' title='bbox 573 2075 682 2103; x_wconf 88' lang='lat' dir='ltr'><strong>anno</strong></span> <span class='ocrx_word' id='word_1_253' title='bbox 731 2064 880 2103; x_wconf 87' lang='lat' dir='ltr'><strong>domini</strong></span> <span class='ocrx_word' id='word_1_254' title='bbox 928 2064 988 2104; x_wconf 88' lang='grc' dir='ltr'><strong>Μ.</strong></span> <span class='ocrx_word' id='word_1_255' title='bbox 1038 2062 1126 2104; x_wconf 86' lang='lat' dir='ltr'><strong>CC.</strong></span> <span class='ocrx_word' id='word_1_256' title='bbox 1174 2062 1332 2104; x_wconf 87' lang='lat' dir='ltr'>xC111.</span> <span class='ocrx_word' id='word_1_257' title='bbox 1397 2064 1548 2113; x_wconf 77' lang='lat' dir='ltr'><strong>Quinto</strong></span> <span class='ocrx_word' id='word_1_258' title='bbox 1594 2064 1813 2104; x_wconf 88' lang='lat' dir='ltr'><strong>Kalendas</strong></span> <span class='ocrx_word' id='word_1_259' title='bbox 1859 2064 1978 2104; x_wconf 82' lang='lat' dir='ltr'><strong>Maii.</strong></span> 
     </span>
     <span class='ocr_line' id='line_1_28' title="bbox 118 2132 521 2173; baseline -0.002 -1"><span class='ocrx_word' id='word_1_260' title='bbox 118 2132 351 2173; x_wconf 88' lang='lat' dir='ltr'><strong>Indictione</strong></span> <span class='ocrx_word' id='word_1_261' title='bbox 384 2136 521 2172; x_wconf 84' lang='lat' dir='ltr'><strong>sexta.</strong></span> 
     </span>
    </p>
   </div>
   <div class='ocr_carea' id='block_1_3' title="bbox 428 2230 1976 2325">
    <p class='ocr_par' dir='ltr' id='par_1_3' title="bbox 428 2230 1976 2325">
     <span class='ocr_line' id='line_1_29' title="bbox 428 2230 1976 2273; baseline 0 -10"><span class='ocrx_word' id='word_1_262' title='bbox 428 2230 723 2273; x_wconf 77' lang='lat' dir='ltr'><strong>Apograplium</strong></span> <span class='ocrx_word' id='word_1_263' title='bbox 746 2231 775 2261; x_wconf 90' lang='lat' dir='ltr'><strong>in</strong></span> <span class='ocrx_word' id='word_1_264' title='bbox 802 2230 1037 2263; x_wconf 80' lang='lat' dir='ltr'><strong>Monastico</strong></span> <span class='ocrx_word' id='word_1_265' title='bbox 1062 2231 1188 2263; x_wconf 73' lang='lat' dir='ltr'><strong>archivi</strong></span> <span class='ocrx_word' id='word_1_266' title='bbox 1214 2231 1624 2273; x_wconf 81' lang='lat' dir='ltr'><strong>RaghradensisMS.</strong></span> <span class='ocrx_word' id='word_1_267' title='bbox 1646 2233 1676 2263; x_wconf 87' lang='lat' dir='ltr'><strong>in</strong></span> <span class='ocrx_word' id='word_1_268' title='bbox 1697 2234 1779 2264; x_wconf 81' lang='lat' dir='ltr'><strong>tomo</strong></span> <span class='ocrx_word' id='word_1_269' title='bbox 1800 2232 1976 2264; x_wconf 81' lang='lat' dir='ltr'><strong>intitulato:</strong></span> 
     </span>
     <span class='ocr_line' id='line_1_30' title="bbox 531 2282 1373 2325; baseline 0.002 -12"><span class='ocrx_word' id='word_1_270' title='bbox 531 2282 723 2314; x_wconf 85' lang='lat' dir='ltr'><strong>Canonici</strong></span> <span class='ocrx_word' id='word_1_271' title='bbox 750 2283 1185 2315; x_wconf 80' lang='lat' dir='ltr'><strong>Praemonstratenses</strong></span> <span class='ocrx_word' id='word_1_272' title='bbox 1210 2293 1285 2325; x_wconf 82' lang='lat' dir='ltr'><strong>pag.</strong></span> <span class='ocrx_word' id='word_1_273' title='bbox 1313 2283 1373 2316; x_wconf 72' lang='lat'><strong>18.</strong></span> 
     </span>
    </p>
   </div>
   <div class='ocr_carea' id='block_1_4' title="bbox 1697 2669 1759 2709">
    <p class='ocr_par' dir='ltr' id='par_1_4' title="bbox 1697 2669 1759 2709">
     <span class='ocr_line' id='line_1_31' title="bbox 1697 2669 1759 2709; baseline -0.016 0"><span class='ocrx_word' id='word_1_274' title='bbox 1697 2669 1759 2709; x_wconf 89' lang='grc'><strong>51</strong></span> 
     </span>
    </p>
   </div>
  </div>
 </body>
</html>
