2138 2845
959 182 1085 226 215‘

87 331 237 371 ibidem
270 334 312 371 et
338 330 601 369 indelebilior
632 328 839 368 habeatur
865 328 1072 381 memoria7
1097 327 1221 366 statui
1246 326 1354 378 quod
1380 337 1436 366 ex
1463 326 1555 366 aliis
1582 327 1684 366 meis
1715 326 1946 366 redditibus

89 400 169 440 due
202 410 342 439 marce
376 403 417 438 et
449 398 628 451 dimidia⁷
662 410 745 437 vna
777 397 975 437 videlicet
1013 396 1065 435 de
1098 396 1250 435 balneo
1282 395 1487 434 Kotebori
1520 406 1582 448 se,
1617 395 1669 434 de
1703 395 1945 447 quibusdam

87 468 300 508 curticulis
333 467 410 507 sub
436 471 577 506 castro
603 467 707 506 sitis.
737 470 779 506 et
810 465 974 505 dimidia
999 465 1050 504 de
1078 464 1247 515 reliquis
1274 464 1374 502 meis
1407 464 1606 502 censibus
1632 464 1947 515 quibuscunque

89 547 178 575 cum
213 536 332 575 bonis
372 534 482 574 unde
514 535 730 574 soluuntur
770 534 979 573 memorati
1014 533 1199 572 redditus
1239 531 1374 570 obitus
1407 533 1485 571 mei
1519 532 1811 570 anniuersario
1846 542 1947 582 pre-

89 601 264 643 satarum
281 603 647 643 sanctimonialium
667 601 862 641 offeratur
880 601 1087 641 deuotioni
1104 602 1224 640 annis
1244 601 1426 654 singulis
1446 600 1716 639 celebrando.
1750 599 1948 640 Ceterum

89 672 202 725 volo⁷
243 676 448 723 quatenus
489 670 675 710 omnibus
709 671 957 723 innotescat,
997 669 1104 721 quod
1145 668 1267 708 huius
1309 669 1375 720 pie
1414 668 1645 722 legationis
1687 668 1949 708 collationem

89 743 249 779 maturo
290 740 595 779 interueniente
627 738 800 778 consilio
835 738 1036 791 disposui7
1075 738 1152 777 sub
1187 736 1266 776 hac
1299 735 1450 790 forma3
1492 736 1600 788 quod
1640 738 1813 776 omnium
1847 748 1948 788 pre-

89 807 288 847 dictorum
322 808 538 858 possessio
571 817 634 846 me
665 808 801 846 uiuum
833 807 1032 857 respiciat
1059 806 1349 860 integraliter3
1382 809 1476 857 post
1506 807 1591 845 uite
1618 817 1708 845 mee
1742 805 1948 844 decursus

86 878 312 926 temporum
345 876 399 915 ad
431 875 671 926 sepedictas
705 875 773 915 dei
805 876 1003 915 cultrices
1036 876 1076 914 in
1109 875 1214 914 omni
1248 875 1350 914 iuris
1383 875 1523 914 debito
1557 874 1833 914 deuolueuda.
1894 875 1950 914 Et

88 953 143 982 ne
175 943 365 994 cuiquam
398 943 564 994 aliquod
597 944 760 983 dubium
794 945 952 983 oriatur
985 947 1221 994 presentem
1255 943 1415 982 literam
1441 944 1567 993 petiui
1602 945 1641 982 in
1674 944 1949 982 testimonium

88 1021 141 1050 ac
173 1009 269 1051 facti
304 1010 615 1051 ratificationem
649 1016 690 1051 et
718 1011 1065 1052 confirmationem
1098 1011 1241 1066 sigillo
1269 1012 1525 1050 venerabilis
1560 1012 1690 1062 patris
1718 1012 1866 1051 domini
1900 1012 1948 1051 B.

89 1080 221 1118 nostri
255 1081 441 1130 episcopi
475 1080 656 1134 sigillari
688 1081 866 1120 testibus
900 1080 1184 1119 nichilominus
1219 1079 1466 1118 subnotatis.
1509 1079 1665 1119 Testes
1698 1083 1847 1133 autem,
1881 1080 1950 1131 qui

90 1146 280 1200 aderant,
312 1152 421 1187 sunt.
454 1149 712 1188 XVilhelmus
747 1148 935 1188 decanus
969 1148 1021 1187 de
1055 1148 1223 1187 durans.
1255 1148 1468 1188 Martinus
1495 1149 1725 1187 canonicus
1759 1146 1949 1188 Cremsi-

89 1216 240 1255 rensis.
280 1216 496 1267 Nycolaus
536 1217 579 1256 in
618 1217 734 1256 turri.
778 1217 950 1255 Viricus
992 1216 1044 1255 de
1083 1216 1269 1267 Meneys
1310 1220 1351 1256 et
1390 1216 1617 1256 Heinricus
1661 1216 1799 1267 cheph
1831 1217 1949 1256 ciues

88 1284 365 1324 Brunnenses
399 1288 441 1324 et
473 1285 541 1323 alii
575 1296 692 1335 quam
725 1285 881 1335 plures.
930 1285 1081 1325 Datum
1114 1286 1155 1324 in
1187 1284 1382 1325 Moderiz
1415 1297 1524 1325 anno
1558 1285 1707 1325 domini
1739 1284 1949 1325 millesimo

90 1350 419 1393 CCLXXVIII.
483 1352 582 1392 XV.
615 1352 713 1391 Kal.
746 1353 886 1407 Magi.

398 1450 453 1482 Ex
476 1450 675 1492 originali
698 1451 728 1482 in
751 1451 887 1484 archivo
911 1450 949 1484 S.
972 1451 1004 1484 J.
1029 1452 1270 1484 Brunensis.

953 1615 1088 1658 CLV.

87 1717 266 1772 Sophia,
284 1730 402 1759 uoeor
418 1718 616 1771 Robusti,
638 1718 887 1760 marschallz‘
906 1720 1144 1771 Mercu-iae,
1164 1719 1332 1772 confert
1345 1721 1599 1760 monasterio
1628 1719 1949 1762 Weleleradensz·

147 1787 431 1828 molendinum
461 1789 506 1828 in
541 1789 791 1829 Unigowice.
854 1789 927 1828 Dt.
968 1789 1012 1828 in
1045 1791 1185 1828 castro
1220 1788 1503 1840 Olomucensi,
1536 1789 1591 1829 X.
1626 1790 1729 1830 Kal.
1762 1790 1888 1841 Julii,

943 1855 1097 1898 1278.

261 1947 319 2007 In
353 1967 516 2007 nomine
549 1971 697 2007 sancte
730 1971 772 2007 et
798 1967 1009 2008 indiuidue
1035 1968 1243 2008 trinitatis.
1277 1967 1424 2007 Amen.
1464 1966 1629 2019 Sophia
1655 1980 1764 2007 uxor
1797 1968 1948 2008 domini

88 2033 358 2074 Bonussonis
395 2036 599 2075 mar-salci
630 2037 828 2076 Jlorauie
867 2037 1054 2077 omnibus
1097 2037 1404 2086 imperpetuum.
1470 2034 1671 2084 Quoniam
1711 2037 1947 2090 generacio

90 2103 264 2152 preterit
302 2107 344 2141 et
390 2106 626 2157 generacio
667 2104 849 2158 aduenit⁷
890 2116 1072 2145 necesse
1113 2108 1191 2158 est,
1240 2109 1283 2143 ut
1328 2102 1440 2143 sacta
1480 2104 1680 2144 hominum
1729 2105 1946 2146 aminiculo

87 2169 310 2210 fulciantur
358 2172 670 2226 scripturarum,
712 2184 763 2211 ne
803 2173 1073 2212 morientibus
1113 2172 1344 2212 bominibus
1393 2173 1510 2212 simul
1560 2185 1649 2212 cum
1692 2175 1756 2213 eis
1805 2185 1946 2214 eorum

88 2237 200 2278 facta
234 2239 304 2277 vel
337 2244 431 2278 acta
465 2241 701 2279 moriantur.
744 2242 854 2280 Hinc
888 2246 953 2280 est
979 2253 1103 2295 ergo,
1138 2241 1245 2293 quod
1272 2252 1358 2295 ego
1392 2241 1549 2292 Sophia
1581 2243 1735 2282 coniux
1768 2243 1945 2294 predicti

87 2307 307 2346 marscalci
349 2312 485 2347 notum
532 2306 619 2347 fieri
663 2310 783 2360 cupio
830 2314 908 2348 tam
957 2309 1238 2362 presentibus,
1282 2321 1399 2361 quam
1449 2307 1596 2349 futuris
1643 2321 1718 2362 per
1765 2322 1946 2362 presens

87 2376 296 2428 scriptum,
331 2376 437 2427 quod
463 2388 550 2431 ego
584 2377 636 2416 de
661 2378 874 2417 voluntate
908 2384 949 2418 et
982 2377 1126 2418 fauore
1155 2379 1249 2418 dicti
1277 2378 1423 2418 domini
1458 2383 1500 2419 ct
1524 2381 1657 2419 mariti
1690 2381 1766 2419 mei
1793 2380 1945 2420 Boka-

89 2445 205 2483 som‘s
246 2445 438 2484 marsalci
488 2446 697 2499 Morauie,
746 2458 908 2486 necnon
955 2446 1124 2487 filiorum
1173 2458 1351 2487 meorum
1396 2447 1594 2500 Castolay
1643 2452 1684 2488 et
1723 2448 1942 2498 Smilom's,

92 2511 294 2553 Girhonis
327 2518 369 2552 et
403 2513 621 2555 eleemonis
655 2518 695 2554 et
729 2512 808 2555 filie
833 2526 923 2555 mee
946 2516 1099 2567 Hercey
1127 2516 1397 2556 molendinum
1422 2521 1603 2556 nostrum
1633 2518 1671 2556 in
1705 2515 1942 2557 Vnm'scho-

87 2581 194 2621 wicz
226 2581 539 2631 (eschenowwz
581 2584 620 2623 in
654 2584 809 2638 titulo),
849 2585 956 2637 quod
991 2596 1078 2640 ego
1123 2586 1411 2640 personaliter,
1445 2588 1522 2626 rite
1556 2590 1597 2625 et
1631 2585 1942 2625 racionabiliter
