2138 2845
960 194 1064 235 399

80 334 212 392 feras,
245 339 288 378 et
320 336 505 379 volatilia
544 335 761 390 capiendi3
802 335 990 376 concedo
1031 336 1187 390 itaque⁷
1226 339 1272 377 vt
1309 337 1481 376 tercium
1514 336 1728 377 denarium
1761 338 1938 390 recipiat

80 409 125 447 et
164 405 362 446 denarios
402 406 620 446 iuramenti
662 405 715 444 de
758 404 945 444 omnibus
985 404 1132 459 culpis,
1175 416 1423 457 quocunque
1462 407 1624 445 nomine
1664 411 1935 446 censeantur.

79 473 254 517 Scilicet
285 475 391 515 idem
423 475 553 515 iudex
585 474 652 514 uel
685 474 748 513 sui
770 474 927 525 posteri
959 473 1055 513 mihi
1087 474 1152 513 bis
1185 475 1226 513 in
1251 485 1359 514 anno
1392 474 1577 525 meisque
1609 475 1934 514 successoribus

79 544 202 584 annis
233 544 417 598 singulis
449 554 628 583 marcam
662 543 835 596 argenti
867 543 908 581 in
940 553 1072 581 censu
1103 542 1314 582 tenebitur
1338 542 1612 596 respondere⁷
1646 544 1812 594 primam
1845 555 1935 584 me-

80 611 187 652 diam
219 623 398 651 marcam
430 609 605 651 infesto
638 610 753 650 beati
778 609 900 664 Galli,
933 611 1161 651 secundam
1194 611 1367 651 mediam
1390 622 1569 650 marcam
1603 609 1776 651 infesto
1810 611 1935 651 beate

79 678 355 734 Walpurgis.
394 680 603 719 Preterea
635 689 723 733 ego
756 682 798 718 et
819 678 1058 718 subditores
1090 680 1167 718 mei
1194 679 1356 718 domino
1389 690 1480 718 meo
1513 678 1580 718 uel
1612 680 1935 719 successoribus

78 747 169 787 suis
201 747 254 786 de
287 759 397 787 anno
430 747 484 787 ad
516 759 665 787 annum
696 748 738 786 in
769 746 921 785 nichilo
963 747 1054 797 plus
1086 746 1261 787 tenebor
1292 746 1568 799 respondere7
1601 758 1680 786 nec
1713 747 1753 786 in
1786 748 1935 802 stivra,

78 825 160 854 nec
201 815 243 854 in
275 815 428 866 aliquo.
491 815 699 856 Preterea
738 815 888 855 nullum
929 815 1048 855 alium
1088 815 1334 856 aduocatum
1375 817 1619 856 constituam
1660 827 1789 867 super
1829 827 1935 871 eum⁷

79 883 178 935 quin
217 883 349 924 ardua
391 885 568 938 negotia
607 885 791 938 exigant
830 887 872 923 et
912 883 1155 935 deposcant.
1219 883 1434 938 Concedo,
1482 889 1527 924 vt
1574 885 1731 925 habeat
1771 885 1935 936 plenam

77 951 273 991 iustitiam
290 953 392 992 iuris
410 951 812 1005 Lyvpschiczense3
844 953 1046 1007 concedo,
1073 957 1116 993 vt
1133 964 1367 993 mensuram
1386 954 1539 993 habeat
1555 953 1934 1005 Lyvpschiczense

76 1019 120 1059 in
160 1030 286 1074 agro.
348 1020 442 1060 Hec
490 1025 624 1061 autem
665 1021 830 1061 collatio
873 1019 986 1061 firma
1028 1024 1070 1061 et
1108 1021 1270 1061 stabilis
1309 1026 1488 1075 maneat,
1537 1033 1612 1074 per
1652 1023 1850 1074 scriptum
1891 1027 1934 1064 et

77 1088 261 1142 sigilium
293 1093 527 1129 nostrorum
558 1090 774 1129 munimine
814 1088 889 1129 suit
928 1090 1028 1130 vtile
1069 1090 1272 1130 roborari.
1336 1091 1493 1130 Testes
1535 1094 1670 1130 autem
1702 1091 1782 1131 hec
1815 1094 1934 1131 sunt:

77 1157 265 1198 dominus
287 1157 422 1198 Alber
446 1158 499 1198 de
526 1158 734 1212 Vulneck,
760 1159 875 1199 miles
902 1159 1019 1199 ducis
1044 1160 1236 1210 Nycolai.
1268 1159 1447 1212 Beniko7
1473 1159 1589 1199 miles
1614 1159 1763 1199 domini
1786 1160 1934 1200 Vlrici.

75 1225 275 1266 Schelico
297 1224 472 1266 famulus
498 1226 630 1267 ducis.
663 1225 933 1281 Clivnradus7
959 1228 1162 1279 plebanus
1188 1229 1229 1267 in
1257 1227 1466 1281 Vulneck,
1490 1228 1676 1268 dominus
1700 1228 1934 1283 Nycolaus,

78 1294 285 1346 plebanus
309 1295 350 1334 in
374 1295 560 1347 'sym-na.
593 1297 763 1350 Petrus,
786 1295 1019 1336 aduocatus
1044 1298 1085 1336 in
1107 1296 1318 1337 Vulneck.
1351 1296 1561 1351 Polomzo,
1589 1295 1763 1337 famulus
1784 1297 1934 1338 Vlrici.

76 1361 337 1403 Waltherus
370 1366 413 1404 et
432 1362 701 1419 Chvuradus,
732 1365 926 1405 schabini
957 1366 998 1405 in
1024 1365 1233 1406 Vulneck.
1265 1365 1511 1406 Aduocatus
1544 1366 1586 1405 in
1609 1365 1732 1406 Noua
1763 1366 1933 1407 ciuitate

76 1441 168 1471 cum
200 1429 401 1472 fratribus
432 1433 537 1472 suiS.
568 1431 734 1474 Svatou
766 1435 809 1473 et
834 1432 1129 1485 Stanimyerus
1160 1434 1203 1475 in
1231 1433 1418 1485 Tyerna.
1458 1433 1612 1474 Datum
1642 1445 1752 1475 anno
1785 1434 1934 1475 domini

75 1498 139 1540 M.
172 1497 264 1541 CC.
295 1500 347 1541 L.
378 1500 633 1543 XXXXIll.

387 1598 442 1632 Ex
465 1599 671 1641 originali
694 1600 725 1631 in
748 1608 821 1631 mea
843 1599 1048 1633 collectione.

898 1762 1116 1807 CCCXV.

76 1864 377 1917 Theodericus,
409 1866 633 1918 episcopus
667 1866 972 1918 olomucensis,
1004 1867 1286 1919 indulyentias
1317 1869 1362 1908 in
1383 1870 1747 1908 reconsecratione
1777 1881 1927 1911 mona-

147 1935 266 1974 sterii
296 1934 624 1986 Roylzrodensis
657 1948 695 1975 a.
731 1935 874 1974 1288.
908 1946 1134 1975 concessas
1166 1936 1396 1988 confirmat.
1462 1938 1533 1977 Dc.
1566 1938 1611 1977 in
1642 1937 1851 1990 Modfice,

693 2003 782 2043 ΙΙΙ.
816 2003 920 2043 Idus
953 2005 1115 2056 Martii,
1156 2004 1309 2045 1293.

245 2094 306 2155 In
344 2112 508 2152 nomine
549 2112 711 2152 domini.
759 2114 906 2153 Amen.
971 2113 1078 2162 Quia
1124 2127 1190 2169 ea,
1237 2127 1318 2168 que
1360 2116 1412 2155 ad
1462 2117 1612 2156 cultum
1659 2116 1838 2157 diuinum
1884 2121 1927 2158 et

73 2180 357 2222 celebritatem
388 2179 577 2221 festiuam
604 2183 825 2236 pertinent,
858 2193 940 2221 non
964 2186 1059 2222 sunt
1091 2184 1131 2222 in
1158 2184 1376 2224 obliuionis
1400 2184 1672 2225 abolicionem
1705 2185 1925 2241 tradenda,

71 2249 149 2290 sed
181 2249 432 2289 memorabili
466 2251 608 2289 notitie
641 2250 978 2303 commendanda,
1011 2251 1188 2302 qualiter
1214 2252 1396 2292 detersis
1429 2256 1470 2293 et
1502 2254 1698 2307 purgatis
1732 2255 1923 2294 vitiorum

72 2317 258 2371 maculis,
291 2317 443 2356 ablutis
477 2329 641 2369 quoque
674 2319 1070 2370 inquinamentorum
1110 2321 1344 2375 spurciciis,
1384 2320 1527 2361 domus
1567 2322 1635 2361 dei
1674 2326 1740 2363 est
1777 2322 1923 2363 honori

71 2384 234 2436 perdito
273 2387 479 2425 restituta.
543 2387 730 2441 Dignum
770 2391 849 2441 est7
888 2392 931 2427 ut
970 2388 1102 2439 ipsius
1141 2390 1285 2428 matris
1323 2390 1522 2444 ecclesie7
1562 2402 1642 2442 que
1683 2395 1803 2442 porta
1842 2391 1922 2430 celi

71 2457 113 2494 et
145 2453 241 2493 aula
274 2453 341 2493 dei
372 2457 559 2508 uocatur,
593 2459 686 2506 post
719 2457 1032 2496 execrationem
1065 2458 1288 2511 malignam
1321 2460 1704 2499 reconsecrationis
1736 2470 1813 2498 seu
1847 2469 1921 2497 re-

70 2522 384 2562 conciliacionis
403 2523 493 2562 dies
518 2522 651 2563 festus
670 2523 857 2564 fidelibus
882 2526 1129 2579 innotescat7
1158 2530 1199 2565 et
1217 2537 1324 2566 noue
1342 2528 1620 2577 reparationis
1638 2526 1920 2576 sollempnitas

70 2593 114 2630 et
145 2588 352 2632 festiuitas
385 2592 629 2632 veneranda
665 2593 704 2633 in
729 2593 928 2648 gaudium
954 2598 996 2633 et
1022 2595 1187 2635 letitiam
1211 2595 1438 2636 christiano
1465 2596 1613 2647 populo
1640 2597 1920 2634 conuertatur.
