2138 2845
989 174 1093 214 319

107 317 347 372 futurorum,
388 317 497 370 quod
538 328 613 357 nos
661 315 885 356 reuerendi
929 316 1075 369 patris,
1116 312 1259 354 fratris
1299 313 1458 355 Sdizlai
1500 313 1649 364 prioris
1698 314 1966 364 prouincialis

105 384 275 426 fratrum
315 385 620 437 predicatorum
661 395 736 435 per
776 385 1029 438 Bohemiam,
1068 383 1280 422 Poloniam
1321 387 1362 421 et
1395 382 1628 422 Morauiam
1669 382 1830 421 deuotis
1864 393 1965 433 pre-

106 456 226 506 cipus
258 455 442 494 inclinati
476 455 528 494 ob
554 455 833 493 reuerentiam
862 453 988 493 beate
1022 453 1207 506 virginis
1233 454 1406 502 patrone
1441 451 1623 489 ecclesie
1658 454 1699 490 et
1723 451 1966 490 monasterii

107 522 358 562 dominarum
384 523 542 563 ordinis
568 521 738 562 fratrum
765 522 1068 573 predicatorum
1101 522 1142 560 in
1165 520 1318 559 Bruna
1351 522 1393 559 et
1417 519 1691 572 dilectionem,
1725 530 1805 570 qua
1834 520 1965 570 ipsum

106 591 292 631 ordinem
331 592 631 644 prosequimur,
673 594 715 630 et
753 590 995 641 specialiter
1040 589 1090 628 ob
1134 588 1356 627 remedium
1399 588 1623 626 animarum
1665 588 1792 637 patris
1833 588 1963 626 nostri

106 665 149 700 et
179 661 322 700 matris
354 664 498 700 nostre
523 660 661 699 villam
686 662 868 698 nostram
893 657 1126 707 Sobesiczi‚
1159 656 1382 695 habentem
1416 655 1454 694 in
1489 666 1537 693 se
1569 654 1785 694 duodecim
1818 655 1964 694 laneos

105 739 196 768 cum
229 730 366 783 agris,
399 729 530 782 siluiS,
562 728 708 781 pratis,
742 731 784 767 et
816 728 972 766 ceteris
994 726 1220 765 attinentiis
1253 725 1356 777 suis,
1390 723 1522 763 eidem
1547 726 1798 763 monasterio
1833 723 1964 762 domi-

105 809 249 836 narum
281 798 321 836 in
346 798 489 836 Bruna
521 807 578 836 ex
602 800 719 836 certa
753 800 898 834 nostra
930 795 1109 834 scientia
1131 792 1380 833 conserimus
1413 792 1465 831 de
1492 793 1634 845 gratia
1667 793 1841 843 speciali
1874 793 1964 832 iure

105 866 372 917 proprietatis
400 868 603 916 perpetuo
635 864 940 918 possidendam,
973 864 1185 903 vni11ersis
1209 861 1467 914 officialibus,
1501 861 1592 899 siue
1625 860 1775 899 villicis
1808 861 1963 899 nostris

104 933 255 973 dantes
295 934 522 974 districtius
565 934 607 972 in
647 933 864 987 mandatis,
905 936 949 973 vt
990 932 1200 983 predictas
1242 931 1426 970 dominas
1468 929 1705 968 monasterii
1740 927 1889 980 prefati
1923 929 1964 968 in

105 1002 394 1055 possessione,
434 1006 476 1041 et
517 1001 638 1040 bonis
688 1001 875 1052 predicte
915 1001 1012 1039 ville
1054 1012 1135 1039 non
1179 1001 1419 1050 presumant
1457 998 1693 1049 aliqualiter
1724 998 1962 1050 molestare,

103 1070 213 1108 sicut
245 1069 575 1123 indignationem
614 1074 796 1108 nostram
830 1080 1007 1123 grauem
1049 1068 1228 1121 diligunt
1261 1067 1434 1106 euitare.
1498 1067 1545 1105 In
1578 1067 1696 1105 cuius
1729 1066 1962 1106 collationis

103 1141 247 1177 nostre
279 1139 553 1178 testimonium
594 1142 636 1177 et
668 1137 795 1177 robur
835 1140 1036 1188 perpetuo
1070 1136 1308 1175 duraturum
1341 1138 1564 1185 presentes
1596 1132 1684 1173 fieri
1718 1137 1760 1173 et
1791 1134 1962 1188 sigillo-

104 1217 192 1245 rum
240 1203 474 1246 nostrorum
523 1207 716 1245 iussimus
764 1206 982 1245 munimine
1030 1204 1235 1243 roborari.
1305 1203 1456 1242 Datum
1504 1203 1646 1243 Brune
1697 1214 1772 1254 per
1819 1214 1963 1242 manus

102 1275 296 1327 magistri
329 1275 528 1314 Iohannis
568 1275 768 1325 prepositi
806 1273 1045 1325 Satcensis,
1086 1272 1356 1323 protonotarii
1389 1271 1597 1311 Morauie.
1661 1272 1785 1312 Anno
1813 1271 1962 1311 domini

101 1339 485 1383 MCCLXXXVI.
518 1342 594 1381 IV.
627 1342 775 1382 Nonas
807 1341 980 1394 Aprilis,
1012 1340 1257 1380 Indictionis
1292 1339 1413 1379 xlv.

412 1438 626 1483 Originale
649 1441 681 1472 in
704 1439 840 1472 archivo
864 1449 893 1471 c.
918 1449 943 1471 r.
967 1439 1073 1471 aulico
1098 1437 1373 1471 vindobonae
1397 1439 1601 1470 asservatur.

909 1604 1146 1648 CCXLIV.

103 1709 322 1758 Nic-olaus,
342 1709 436 1749 dum⁸
454 1709 656 1761 Opta-iae,
670 1710 896 1761 privileyia
914 1721 939 1748 α
955 1706 1295 1760 proqenitoribus
1316 1708 1405 1746 suis
1424 1708 1677 1745 monasterio
1692 1705 1959 1755 Gradicensi,

308 1789 510 1818 concessa
543 1778 772 1830 confirmat.
830 1778 902 1818 ΙΝ.
936 1776 1138 1828 opat-iae,
1179 1775 1250 1816 VI.
1286 1774 1389 1814 Idas
1422 1775 1559 1825 Junc'e‘,
1600 1775 1619 1814 1
1633 1773 1753 1815 286.

245 1869 483 1943 Nicolaus,
526 1889 593 1928 dei
633 1889 776 1943 gratia
816 1888 978 1939 Opauie
1021 1887 1119 1926 dux.
1181 1886 1429 1926 Honestatis
1470 1897 1547 1924 nos
1590 1884 1746 1924 inducit
1778 1885 1956 1939 equitas,

99 1959 142 1996 et
173 1958 311 2012 exigit
344 1958 565 2011 exigentia
599 1958 786 2010 rationis,
819 1961 862 1996 ut
895 1967 961 2009 ea,
995 1966 1075 2007 que
1108 1956 1186 2006 piis
1219 1955 1324 1994 locis
1358 1966 1382 1994 a
1421 1954 1576 1993 nostris
1611 1953 1957 2008 progenitoribus

98 2025 140 2064 in
173 2025 395 2064 animarum
427 2037 595 2063 suarum
627 2025 848 2064 remedium
889 2023 1191 2063 rationabiliter
1232 2026 1327 2063 sunt
1359 2024 1559 2076 impensa,
1593 2022 1819 2062 debeamus
1853 2023 1957 2062 rati-

97 2092 321 2132 habitionis
339 2097 381 2132 et
398 2091 718 2132 confirmationis
746 2098 889 2133 nostre
907 2092 1111 2146 suffragio
1129 2090 1415 2131 fauorabiliter
1439 2089 1680 2131 confouere.
1718 2091 1956 2141 Eapropter

99 2165 237 2201 uotum
286 2159 374 2200 fieri
430 2162 616 2200 uolumus
664 2162 876 2201 vniuersis
920 2166 1000 2201 tam
1051 2160 1331 2214 presentibus,
1381 2171 1499 2211 quam
1547 2157 1694 2199 suturis
1747 2160 1957 2210 presentis

95 2232 282 2268 tenorem
336 2229 549 2283 priuilegii
605 2231 915 2283 perspecturis,
969 2228 1077 2280 quod
1141 2239 1218 2267 nos
1283 2228 1478 2278 precibus
1543 2228 1681 2268 dilecti
1739 2228 1949 2279 capellani

97 2298 230 2338 nostri
262 2297 462 2350 Budissii,
497 2295 753 2337 venerabilis
785 2297 951 2337 abbatis
983 2297 1222 2336 monasterii
1248 2294 1539 2347 Gradicensis,
1572 2297 1729 2338 ordinis
1761 2308 1954 2347 premon-

96 2367 334 2421 stratensis,
368 2365 655 2406 Oiomucensis
690 2366 887 2419 diocesis,
920 2366 1192 2417 supplicantis
1227 2365 1345 2404 nobis
1384 2365 1601 2419 humiliter,
1643 2369 1685 2404 ut
1725 2365 1953 2417 priuilegia

98 2435 303 2488 quondam
346 2435 548 2488 Ottacari,
590 2435 758 2474 illustris
802 2435 924 2487 regis
964 2434 1134 2473 Boemie
1174 2434 1315 2486 quinti,
1357 2434 1589 2473 charissimi
1632 2434 1762 2485 patris
1806 2433 1950 2485 nostri,

97 2507 140 2544 et
186 2504 356 2543 aliorum
400 2505 714 2557 progenitorum
765 2509 1010 2555 nostrorum,
1054 2503 1221 2541 Boemie
1269 2506 1310 2541 et
1357 2502 1552 2541 Mon-auio
1594 2502 1832 2552 principum,
1874 2501 1950 2549 ipsi

98 2573 349 2613 monasterio
383 2572 635 2613 Gradicensi
669 2583 889 2625 concessa,
931 2576 972 2611 et
1011 2572 1158 2623 omnia,
1200 2582 1279 2623 que
1319 2573 1581 2611 continentur
1622 2572 1661 2609 in
1704 2569 1818 2620 ipsis7
1863 2573 1951 2607 rata
