2138 2845
990 166 1088 206 331

115 309 322 361 potuerint
363 310 402 348 in
442 307 675 347 hereditate
716 318 819 361 mea,
868 308 975 359 quod
1026 307 1217 346 tollerent
1258 310 1298 346 et
1340 305 1556 357 sepedicte
1607 306 1791 346 ecclesie
1839 308 1967 347 satis-

114 377 318 432 facerent,
346 378 628 418 nichilominus
654 388 782 427 super
807 376 1082 414 inuiolabilem
1108 374 1382 414 hereditatem
1409 379 1450 414 et
1479 375 1758 426 supradictum
1788 376 1966 416 debitum

114 447 291 498 pecunie
325 447 628 498 computabunt.
677 446 810 483 Huius
844 445 904 483 rei
938 445 1088 496 gracia
1123 448 1357 494 presentem
1391 444 1590 496 paginam
1624 444 1764 497 sigillo
1801 445 1967 494 proprio

115 513 352 553 confirmaui
393 520 433 553 et
473 515 625 567 rogaui
667 513 867 552 dominum
902 510 1146 550 Chunonem
1186 515 1227 550 et
1267 511 1466 550 dominum
1506 511 1707 550 Mathiam
1742 512 1794 551 de
1828 513 1967 566 Nigro

114 587 263 635 monte,
297 587 341 621 vt
374 584 461 621 suis
495 583 649 636 sigillis
684 582 839 631 pariter
872 581 1180 619 connnunirent.
1221 580 1329 619 Acta
1364 582 1459 618 sunt
1491 579 1570 618 hec
1604 590 1741 618 coram
1775 580 1968 634 testibuS,

115 662 284 701 quorum
319 652 479 689 nomina
513 651 579 689 hic
613 654 708 688 sunt
741 650 920 701 scripta,
964 649 1015 687 de
1057 650 1146 699 ipso
1188 648 1370 686 claustro
1404 648 1747 702 XVelegradensi
1783 649 1969 687 dominus

114 718 303 769 Lupinus
336 719 468 758 abbas
493 718 765 771 venerabilis,
799 717 1053 756 u'altlierus
1081 718 1205 769 prior,
1239 717 1447 756 Martinus
1472 717 1680 770 supprior,
1715 714 1969 757 Chunradus

117 787 311 826 celarius.
376 788 568 826 Barones
611 798 713 825 vero
764 786 949 824 dominus
992 785 1140 825 Clinno
1190 785 1241 823 de
1284 784 1505 837 Cliunstat,
1554 784 1740 823 dominus
1784 785 1970 824 Mathias

116 853 169 894 de
201 855 340 908 Nigro
374 859 525 908 monte,
559 855 744 894 dominus
776 854 990 893 Zobieln·d
1032 854 1083 892 de
1116 853 1363 905 Schardicz,
1405 852 1590 892 dominus
1623 853 1883 892 Iarohneuus
1917 853 1969 892 de

113 922 397 962 Buchlowicz.
462 924 611 962 Datum
646 934 754 962 anno
797 922 943 961 domini
976 920 1379 962 MCCLxxxvll.
1420 922 1559 960 xlm.
1600 922 1818 961 Kalendas
1853 921 1968 961 Maii.

423 1021 452 1052 E
477 1022 592 1053 codice
615 1020 941 1053 Welehradensi
965 1020 1043 1053 MS.
1067 1022 1201 1061 saepius
1226 1020 1385 1050 nominato
1410 1038 1449 1042 —
1474 1019 1527 1050 fol.
1552 1017 1616 1051 62.

945 1187 979 1229 C
986 1187 1139 1229 CLIV.

115 1290 289 1329 Decisio
322 1291 406 1330 litis
439 1290 490 1329 de
519 1292 763 1342 provisione
795 1291 1084 1342 temporalium
1116 1290 1362 1328 monasterii
1397 1289 1724 1329 Tignowicensis
1764 1290 1971 1330 adversus

299 1358 482 1397 abbatem
523 1358 889 1397 IVeIelzrctdensem
921 1360 1067 1396 molae.
1131 1358 1203 1397 ΠΙ.
1247 1358 1290 1397 Γ.
1323 1357 1428 1397 Idus
1460 1359 1584 1409 Majae‘j
1626 1358 1776 1399 1287.

257 1449 371 1510 Nos
396 1465 528 1507 frater
549 1468 639 1522 W,
659 1467 792 1508 abbas
826 1468 1010 1507 ecclesie
1027 1468 1333 1521 Ebaracensis,
1367 1472 1502 1508 notum
1537 1479 1638 1508 esse
1670 1469 1856 1509 uolumus
1890 1473 1971 1510 tam

109 1537 392 1589 presentibus,
419 1547 538 1587 quam
570 1534 733 1589 suturis,
758 1536 863 1588 quod
899 1548 987 1575 cum
1013 1547 1158 1587 causa,
1185 1547 1264 1587 que
1291 1537 1537 1576 uertebatur
1559 1537 1667 1576 inter
1685 1538 1972 1577 venerabilem

109 1603 309 1643 dominum
344 1604 609 1654 L.(upinum]
643 1605 886 1643 coabbatem
921 1608 1103 1643 nostrum
1145 1604 1197 1643 de
1248 1604 1462 1655 Ir'iliyrad
1503 1616 1557 1644 ex
1596 1609 1716 1656 parte
1761 1618 1858 1659 vna,
1902 1606 1970 1658 qui

110 1672 162 1711 de
195 1673 434 1723 prouisione
468 1673 746 1723 temporalium
781 1672 888 1723 apud
917 1673 1138 1711 ecclesiam
1173 1673 1212 1711 in
1239 1672 1331 1712 Cela·
1350 1675 1474 1724 porta
1502 1673 1579 1712 sibi
1615 1674 1677 1712 ius
1704 1673 1970 1730 uendicabat,

108 1744 151 1779 et
183 1741 426 1780 deodicatas
460 1752 509 1780 ac
544 1740 804 1780 reuerendas
838 1740 1024 1779 dominas
1058 1741 1156 1792 Au„
1190 1740 1444 1780 abbatissam
1485 1745 1526 1780 et
1566 1744 1811 1781 conuentum
1853 1744 1970 1782 eius-

109 1808 199 1848 dem
233 1809 433 1862 ecclesie,
468 1819 523 1848 ex
558 1812 675 1860 parte
716 1809 863 1862 altera,
904 1819 984 1859 que
1025 1808 1221 1847 dicebant
1261 1809 1514 1862 econtrario,
1555 1810 1729 1849 eundem
1770 1809 1971 1850 dominum

109 1877 303 1917 abbatem
343 1878 490 1917 nullam
533 1890 705 1928 prorsus
740 1878 779 1916 in
813 1877 1083 1928 disponendis
1117 1877 1410 1927 temporalibus
1451 1877 1599 1916 ibidem
1640 1877 1800 1916 habere
1843 1879 1970 1918 iuris-

108 1946 328 1999 dicionem,
379 1947 558 1996 capitulo
609 1946 804 1999 generali
852 1946 1075 1997 querelose
1117 1944 1265 1984 suisset
1305 1945 1526 1999 insinuata,
1573 1946 1702 1995 ipsum
1749 1947 1970 1996 capitulum

109 2014 346 2053 reuerendo
381 2016 485 2064 patri
519 2026 569 2053 ac
604 2015 762 2053 domino
788 2015 867 2053 Do.
893 2014 1032 2052 abbati
1058 2013 1403 2066 Morimundensi,
1424 2015 1462 2052 in
1487 2017 1575 2053 toto
1603 2013 1776 2052 eandem
1802 2026 1971 2054 causam

109 2092 186 2132 per
217 2092 266 2120 se
299 2082 365 2120 uel
401 2093 474 2132 per
507 2083 641 2134 alium,
675 2083 739 2120 cui
767 2082 858 2120 loco
885 2083 947 2120 sui
976 2083 1257 2133 committeret,
1284 2081 1395 2120 dedit
1420 2081 1731 2120 terminandam.
1775 2082 1969 2121 Diuersis

109 2151 247 2200 itaque
283 2150 358 2188 iam
392 2149 526 2188 dictus
561 2150 747 2188 dominus
775 2149 1129 2189 Moriumndensis
1164 2149 1407 2200 prepeditus
1441 2151 1652 2204 negociis,
1678 2152 1968 2206 personaliter,

109 2216 336 2256 secundum
371 2217 477 2268 quod
512 2217 589 2256 sibi
624 2216 760 2256 suerat
793 2218 1065 2269 commissum,
1102 2219 1298 2268 prosequi
1339 2230 1420 2256 non
1463 2219 1623 2271 valens,
1659 2223 1700 2258 et
1733 2231 1785 2258 ne
1819 2220 1968 2260 dilacio

110 2285 332 2337 periculum
377 2285 577 2339 traheret,
622 2287 715 2324 vice
757 2297 832 2324 sua
876 2297 950 2336 per
999 2286 1132 2324 omnia
1174 2286 1321 2324 dictam
1365 2298 1533 2326 causam
1577 2294 1719 2327 nostre
1770 2290 1970 2329 commisit

109 2354 362 2393 executioni.
428 2354 583 2392 Verum
624 2354 719 2404 quia
754 2353 962 2393 discordie
1003 2360 1043 2393 et
1077 2355 1159 2393 litis
1202 2355 1452 2394 continuatio
1492 2357 1628 2395 tocius
1662 2357 1884 2409 religionis
1918 2368 1969 2395 ac

109 2422 343 2461 sanctitatis
378 2425 442 2460 est
477 2422 778 2475 exterminatio,
813 2434 889 2461 nos
923 2426 1091 2473 propter
1126 2422 1347 2461 reuerendi
1389 2424 1520 2473 patris
1554 2424 1853 2476 obedicioneni,
1890 2434 1968 2462 nec

107 2502 191 2529 nou
222 2494 489 2540 vtrarumque
525 2490 705 2540 parcium
740 2490 932 2529 diutinam
967 2503 1016 2529 ac
1045 2492 1366 2530 sincerissimam
1395 2492 1669 2547 dilectionem,
1694 2505 1782 2531 euin
1810 2504 1966 2545 magna

109 2559 297 2610 corporis
331 2557 597 2612 fatigatione,
632 2559 707 2597 sub
743 2570 876 2598 rerum
912 2558 1141 2612 dispendio,
1166 2559 1391 2610 predictam
1425 2562 1648 2601 ecclesiam
1683 2558 1774 2598 Celi
1811 2563 1965 2610 portam

1648 2626 1759 2666 42*
