2138 2845
1057 162 1163 204 356

179 308 422 361 prelibatam
449 305 586 346 villam
619 307 804 345 nostram
822 304 1028 357 'I'hynecz
1060 316 1152 345 cum
1175 302 1363 344 omnibus
1382 304 1655 354 pertinenciis
1679 306 1766 346 suis
1799 310 1841 349 et
1863 308 2036 364 iuribus,

176 376 373 416 uidelicet
404 375 537 429 siluis7
570 375 715 429 pratis,
748 374 871 429 agris
905 374 1028 414 cultis
1061 376 1103 413 et
1134 372 1315 426 incultis7
1355 372 1489 426 aquis⁷
1522 373 1823 423 piscationibus
1856 380 1897 417 et
1929 379 2036 433 aliis,

175 455 255 497 que
288 443 341 483 ad
374 443 523 484 dictam
556 443 694 484 villam
726 447 924 495 spectare
958 445 1200 495 noscuntur,
1240 440 1318 480 sibi
1362 444 1404 480 et
1437 441 1622 481 ecclesie
1655 453 1732 482 sue
1767 443 2037 487 olomucensi

173 514 445 567 assignamus
485 523 542 552 ex
587 516 706 552 certa
745 515 890 552 nostra
939 512 1116 551 scientia
1164 509 1479 564 possidendam3
1528 509 1608 550 hoc
1657 521 1879 567 expresso,
1925 515 2034 566 quod

174 582 507 634 quandocunque
541 582 715 621 eandem
748 581 886 620 villam
909 579 1121 619 rehabere
1153 578 1368 631 uellemus7
1395 579 1599 618 restitutis
1632 579 1710 618 sibi
1738 591 1816 619 seu
1849 582 2035 622 ecclesie

173 662 251 691 sue
283 650 502 702 sepedicte
527 650 718 690 ducentis
751 649 902 688 marcis
927 648 1114 702 argenti,
1148 648 1276 699 ipsam
1302 658 1569 686 reassumere
1601 648 1642 686 in
1667 651 1849 687 nostram
1882 650 2035 690 iterato

172 719 486 772 possessionem
510 730 587 758 nos
610 719 676 758 uel
702 718 831 758 nostri
857 717 1041 757 heredes
1067 717 1200 756 libere
1227 720 1269 756 et
1291 716 1468 755 licenter
1490 726 1705 767 possemus
1731 716 1840 755 nullo
1870 718 2035 768 penitus

170 786 436 842 refragante.
498 788 546 827 In
579 787 697 826 cuius
730 787 793 827 rei
826 787 1100 826 testimonium
1140 788 1364 838 presentes
1402 782 1491 822 fieri
1523 782 1695 824 fecimus
1728 787 1771 824 et
1802 788 2034 826 nostrorum

170 856 402 910 sigillorum
435 856 653 895 munimine
687 856 880 895 iussimus
914 855 1118 895 roborari.
1182 854 1335 894 Datum
1368 853 1518 907 I'rage
1552 864 1627 905 per
1659 865 1803 894 manus
1836 855 2032 909 magistri

168 925 383 980 Iohannis7
414 925 623 966 Sacensis
657 925 858 976 prepositi
897 927 940 964 et
973 924 1105 963 nostri
1146 934 1222 974 per
1255 922 1488 962 Morauiam
1529 922 1842 973 prothonotarii.
1904 923 2031 964 Anno

170 993 318 1033 domini
359 993 585 1047 millesimo,
627 993 926 1047 ducentesimo,
966 994 1271 1047 octoagesimo,
1311 994 1474 1031 octauo.
1537 991 1637 1031 XV.
1676 991 1895 1032 Kalendas
1926 992 2031 1033 Iulii.

168 1062 401 1103 Indictione
434 1062 575 1114 prima.

478 1161 533 1193 Ex
557 1160 759 1202 originali
783 1161 814 1192 in
837 1159 973 1192 archivo
997 1158 1177 1201 capituli
1201 1157 1511 1192 olomucensis,

952 1324 1238 1368 CCLXXIX.

169 1428 470 1480 Theodericus,
510 1430 734 1482 episcopus
774 1428 1082 1479 olomucensis,
1129 1426 1189 1467 ad
1231 1427 1511 1480 infirmariam
1555 1427 1740 1479 fratrum
1781 1428 2028 1468 monasterii

255 1499 469 1538 Lucensis
501 1498 724 1537 ecclesiam
755 1498 800 1537 in
831 1497 1061 1549 Miilfraun
1092 1497 1285 1535 annectit.
1349 1496 1422 1535 Dt.
1454 1496 1499 1535 in
1530 1494 1740 1547 Modiin-e,
1779 1494 1932 1537 1288.

313 1590 694 1661 Thceodericus)‚
737 1607 805 1648 dei
855 1609 1007 1662 gracia
1055 1607 1343 1648 olomucensis
1387 1606 1627 1660 episcopus⁷
1672 1605 1824 1646 dilecto
1865 1617 1942 1647 suo
1983 1608 2027 1648 in

163 1674 333 1718 Christo
372 1677 604 1717 uenerabili
646 1677 788 1716 abbati
830 1677 1034 1727 bucensi,
1076 1675 1472 1728 premonstratensis
1513 1674 1685 1728 ordinis,
1734 1674 2026 1716 olomucensis

161 1745 359 1801 diocesis,
401 1757 451 1786 ac
491 1747 580 1786 suis
620 1746 946 1786 successoribus
994 1745 1146 1785 ibidem
1188 1746 1229 1785 in
1269 1743 1446 1784 futurum
1496 1743 1720 1783 abbatibus
1768 1743 1942 1784 salutem
1981 1747 2025 1785 et

161 1815 367 1855 sinceram
399 1816 440 1854 in
473 1815 634 1854 domino
668 1816 897 1854 caritatem.
962 1815 1020 1855 Vt
1052 1815 1183 1854 uestri
1216 1812 1372 1853 fratres
1405 1811 1549 1852 infirmi
1584 1813 1624 1852 in
1655 1812 1744 1852 suis
1777 1810 2021 1854 infirmitati-

160 1883 238 1924 bus
267 1895 343 1935 per
372 1887 555 1924 uestrum
580 1882 838 1924 infirmarium
866 1883 1037 1923 valeant
1063 1883 1208 1923 melius
1233 1882 1465 1934 procurari,
1493 1881 1715 1920 ecclesiam
1741 1881 1782 1919 in
1802 1880 2021 1933 Muluren,

158 1952 228 1992 ubi
267 1954 331 1993 ius
371 1957 620 2004 patronatus
662 1953 844 2006 habetis,
887 1952 1025 2004 quoad
1063 1951 1306 2002 temporalia
1345 1954 1491 1990 vestre
1533 1947 1756 1989 infirmarie
1795 1948 1876 1989 hiis
1916 1960 2020 2001 pre-

158 2022 348 2060 sentibus
380 2022 421 2061 in
445 2025 686 2073 perpetuum
720 2020 1025 2061 annectendum
1049 2020 1240 2059 duximus
1267 2022 1500 2058 nostrorum
1527 2017 1711 2058 remedio
1738 2020 2019 2073 peccatorum,

157 2089 363 2144 uolentes,
406 2094 461 2144 vt,
495 2091 689 2142 qvotiens
729 2088 1003 2143 infirmarium,
1045 2089 1113 2141 qui
1154 2088 1208 2127 ibi
1252 2087 1455 2138 plebanus
1496 2098 1596 2127 esse
1636 2086 1777 2141 debet,
1810 2086 2019 2127 mutabitis

158 2168 215 2197 ex
248 2169 378 2197 causa
411 2159 582 2213 ordinis,
623 2159 744 2199 vobis
785 2160 839 2199 sit
870 2159 1036 2212 licitum,
1076 2155 1351 2210 infirmarium,
1393 2167 1512 2208 quem
1553 2155 1608 2194 ibi
1649 2155 1909 2209 ordinabitis7
1943 2166 2019 2206 pro

157 2225 337 2278 plebano
361 2226 503 2266 locare
536 2229 575 2267 in
601 2228 785 2267 ecclesia
821 2231 1055 2280 prenotata,
1077 2226 1212 2266 donec
1244 2236 1293 2265 se
1322 2229 1466 2265 nostre
1501 2225 1714 2275 presentie
1736 2226 2018 2278 representet,

157 2294 388 2345 spiritualia
432 2306 456 2333 a
500 2295 632 2348 nobis,
676 2300 796 2346 prout
836 2297 899 2335 ius
941 2296 1133 2349 postulat,
1177 2297 1439 2345 recepturus,
1503 2294 1764 2345 Precipimus
1804 2293 1941 2347 etiam,
1973 2295 2018 2333 ut

156 2374 238 2403 non
286 2364 339 2402 sit
386 2362 535 2401 licitum
583 2364 705 2402 alicui
754 2365 1143 2405 archidiaconorum
1185 2363 1547 2417 Sznoymcnsium7
1596 2363 1664 2415 qui
1707 2373 1780 2414 pro
1829 2364 2015 2412 tempore

156 2430 324 2485 suerint⁷
357 2430 466 2470 hanc
491 2434 672 2469 nostram
696 2433 993 2473 ordinationem
1021 2437 1064 2473 et
1090 2430 1281 2473 beneficii
1308 2432 1548 2485 largitatem
1582 2432 1621 2471 in
1649 2431 1787 2483 aliqvo
1813 2427 2013 2481 inpedire.

161 2500 308 2540 Datum
343 2500 382 2538 in
417 2498 640 2551 Modaritz7
674 2512 782 2539 anno
817 2502 964 2541 domini
999 2503 1059 2542 Μ.
1094 2500 1185 2543 CC.
1221 2501 1514 2541 LXXXVIII.

467 2581 519 2613 Ex
545 2582 749 2623 originali
775 2581 963 2622 ejusdcm
990 2585 1186 2615 monasterii.
