<?xml version="1.0" encoding="UTF-8"?>
<!DOCTYPE html PUBLIC "-//W3C//DTD XHTML 1.0 Transitional//EN"
    "http://www.w3.org/TR/xhtml1/DTD/xhtml1-transitional.dtd">
<html xmlns="http://www.w3.org/1999/xhtml" xml:lang="en" lang="en">
 <head>
  <title>
</title>
<meta http-equiv="Content-Type" content="text/html;charset=utf-8" />
  <meta name='ocr-system' content='tesseract 3.04.00' />
  <meta name='ocr-capabilities' content='ocr_page ocr_carea ocr_par ocr_line ocrx_word'/>
</head>
<body>
  <div class='ocr_page' id='page_1' title='image "./codexdiplomaticu04morauoft_0102.png"; bbox 0 0 2138 2845; ppageno 0'>
   <div class='ocr_carea' id='block_1_1' title="bbox 130 194 2002 2658">
    <p class='ocr_par' dir='ltr' id='par_1_1' title="bbox 130 194 2002 2658">
     <span class='ocr_line' id='line_1_1' title="bbox 1040 194 1107 234; baseline -0.015 0"><span class='ocrx_word' id='word_1_1' title='bbox 1040 194 1107 234; x_wconf 80' lang='lat'>80</span> 
     </span>
     <span class='ocr_line' id='line_1_2' title="bbox 141 334 2000 390; baseline 0.003 -17"><span class='ocrx_word' id='word_1_2' title='bbox 141 334 265 387; x_wconf 88' lang='lat' dir='ltr'>niole,</span> <span class='ocrx_word' id='word_1_3' title='bbox 298 334 493 374; x_wconf 80' lang='lat' dir='ltr'>Marchie</span> <span class='ocrx_word' id='word_1_4' title='bbox 526 346 583 374; x_wconf 89' lang='lat' dir='ltr'>ex</span> <span class='ocrx_word' id='word_1_5' title='bbox 617 338 735 385; x_wconf 89' lang='lat' dir='ltr'>parte</span> <span class='ocrx_word' id='word_1_6' title='bbox 768 335 910 390; x_wconf 78' lang='lat' dir='ltr'>Regis</span> <span class='ocrx_word' id='word_1_7' title='bbox 955 335 1147 389; x_wconf 81' lang='lat' dir='ltr'>Ungarie</span> <span class='ocrx_word' id='word_1_8' title='bbox 1181 335 1316 374; x_wconf 87' lang='lat' dir='ltr'>banus</span> <span class='ocrx_word' id='word_1_9' title='bbox 1348 335 1472 374; x_wconf 90' lang='lat' dir='ltr'>totius</span> <span class='ocrx_word' id='word_1_10' title='bbox 1512 334 1756 390; x_wconf 88' lang='lat' dir='ltr'>Sclauonie,</span> <span class='ocrx_word' id='word_1_11' title='bbox 1790 349 1846 377; x_wconf 86' lang='lat' dir='ltr'>ex</span> <span class='ocrx_word' id='word_1_12' title='bbox 1879 341 2000 389; x_wconf 85' lang='lat' dir='ltr'>parte</span> 
     </span>
     <span class='ocr_line' id='line_1_3' title="bbox 140 401 2000 456; baseline 0.003 -15"><span class='ocrx_word' id='word_1_13' title='bbox 140 407 284 442; x_wconf 85' lang='lat' dir='ltr'>nostra</span> <span class='ocrx_word' id='word_1_14' title='bbox 318 405 564 454; x_wconf 77' lang='lat' dir='ltr'>capitaneus</span> <span class='ocrx_word' id='word_1_15' title='bbox 596 403 835 456; x_wconf 86' lang='lat' dir='ltr'>Karinthie,</span> <span class='ocrx_word' id='word_1_16' title='bbox 870 401 1084 456; x_wconf 88' lang='lat' dir='ltr'>Carniole,</span> <span class='ocrx_word' id='word_1_17' title='bbox 1117 404 1425 455; x_wconf 86' lang='lat' dir='ltr'>deputabuntur</span> <span class='ocrx_word' id='word_1_18' title='bbox 1456 405 1523 455; x_wconf 91' lang='lat' dir='ltr'>qui</span> <span class='ocrx_word' id='word_1_19' title='bbox 1556 406 1869 456; x_wconf 75' lang='lat' dir='ltr'>querelantibus</span> <span class='ocrx_word' id='word_1_20' title='bbox 1902 407 2000 446; x_wconf 89' lang='lat' dir='ltr'>hinc</span> 
     </span>
     <span class='ocr_line' id='line_1_4' title="bbox 139 471 1999 529; baseline 0.002 -18"><span class='ocrx_word' id='word_1_21' title='bbox 139 472 236 511; x_wconf 89' lang='lat' dir='ltr'>inde</span> <span class='ocrx_word' id='word_1_22' title='bbox 277 473 432 511; x_wconf 89' lang='lat' dir='ltr'>iustitie</span> <span class='ocrx_word' id='word_1_23' title='bbox 471 471 628 512; x_wconf 87' lang='lat' dir='ltr'>facient</span> <span class='ocrx_word' id='word_1_24' title='bbox 669 473 1019 526; x_wconf 67' lang='lat' dir='ltr'>complementum,</span> <span class='ocrx_word' id='word_1_25' title='bbox 1060 478 1101 512; x_wconf 88' lang='lat' dir='ltr'>et</span> <span class='ocrx_word' id='word_1_26' title='bbox 1141 474 1180 513; x_wconf 92' lang='lat' dir='ltr'>id</span> <span class='ocrx_word' id='word_1_27' title='bbox 1223 473 1331 524; x_wconf 91' lang='lat' dir='ltr'>quod</span> <span class='ocrx_word' id='word_1_28' title='bbox 1365 471 1557 526; x_wconf 87' lang='lat' dir='ltr'>fecerint,</span> <span class='ocrx_word' id='word_1_29' title='bbox 1599 477 1678 513; x_wconf 91' lang='lat' dir='ltr'>tam</span> <span class='ocrx_word' id='word_1_30' title='bbox 1713 475 1843 525; x_wconf 91' lang='lat' dir='ltr'>ipsius</span> <span class='ocrx_word' id='word_1_31' title='bbox 1875 477 1999 529; x_wconf 80' lang='lat' dir='ltr'>regis</span> 
     </span>
     <span class='ocr_line' id='line_1_5' title="bbox 140 540 2001 595; baseline 0.001 -13"><span class='ocrx_word' id='word_1_32' title='bbox 140 540 337 594; x_wconf 83' lang='lat' dir='ltr'>Ungarie</span> <span class='ocrx_word' id='word_1_33' title='bbox 380 552 498 592; x_wconf 88' lang='lat' dir='ltr'>quam</span> <span class='ocrx_word' id='word_1_34' title='bbox 538 546 681 580; x_wconf 88' lang='lat' dir='ltr'>nostra</span> <span class='ocrx_word' id='word_1_35' title='bbox 721 543 968 580; x_wconf 87' lang='lat' dir='ltr'>auctoritate</span> <span class='ocrx_word' id='word_1_36' title='bbox 1015 541 1171 582; x_wconf 81' lang='lat' dir='ltr'>facient</span> <span class='ocrx_word' id='word_1_37' title='bbox 1220 543 1454 581; x_wconf 86' lang='lat' dir='ltr'>obseruari.</span> <span class='ocrx_word' id='word_1_38' title='bbox 1519 541 1639 590; x_wconf 80' lang='lat' dir='ltr'>Quod</span> <span class='ocrx_word' id='word_1_39' title='bbox 1691 543 1726 581; x_wconf 91' lang='lat' dir='ltr'>si</span> <span class='ocrx_word' id='word_1_40' title='bbox 1775 543 1901 595; x_wconf 84' lang='lat' dir='ltr'>aliqui</span> <span class='ocrx_word' id='word_1_41' title='bbox 1943 554 2001 583; x_wconf 86' lang='lat' dir='ltr'>ex</span> 
     </span>
     <span class='ocr_line' id='line_1_6' title="bbox 139 608 2002 665; baseline 0.002 -17"><span class='ocrx_word' id='word_1_42' title='bbox 139 610 242 660; x_wconf 91' lang='lat' dir='ltr'>ipsis</span> <span class='ocrx_word' id='word_1_43' title='bbox 275 608 426 649; x_wconf 90' lang='lat' dir='ltr'>fuerint</span> <span class='ocrx_word' id='word_1_44' title='bbox 459 610 564 649; x_wconf 87' lang='lat' dir='ltr'>diem</span> <span class='ocrx_word' id='word_1_45' title='bbox 597 608 739 662; x_wconf 88' lang='lat' dir='ltr'>functi,</span> <span class='ocrx_word' id='word_1_46' title='bbox 773 621 1052 649; x_wconf 82' lang='lat' dir='ltr'>successores</span> <span class='ocrx_word' id='word_1_47' title='bbox 1086 612 1264 662; x_wconf 90' lang='lat' dir='ltr'>ipsorum</span> <span class='ocrx_word' id='word_1_48' title='bbox 1299 611 1517 665; x_wconf 80' lang='lat' dir='ltr'>dignitatis</span> <span class='ocrx_word' id='word_1_49' title='bbox 1542 611 1787 651; x_wconf 85' lang='lat' dir='ltr'>hereditarii</span> <span class='ocrx_word' id='word_1_50' title='bbox 1822 612 1890 652; x_wconf 88' lang='lat' dir='ltr'>vel</span> <span class='ocrx_word' id='word_1_51' title='bbox 1925 623 2002 663; x_wconf 86' lang='lat' dir='ltr'>per</span> 
     </span>
     <span class='ocr_line' id='line_1_7' title="bbox 141 676 2001 732; baseline 0.002 -16"><span class='ocrx_word' id='word_1_52' title='bbox 141 679 382 717; x_wconf 86' lang='lat' dir='ltr'>alterutrum</span> <span class='ocrx_word' id='word_1_53' title='bbox 417 690 565 731; x_wconf 83' lang='lat' dir='ltr'>regum</span> <span class='ocrx_word' id='word_1_54' title='bbox 600 678 861 717; x_wconf 89' lang='lat' dir='ltr'>substitutum</span> <span class='ocrx_word' id='word_1_55' title='bbox 895 676 1128 732; x_wconf 81' lang='lat' dir='ltr'>fungentur</span> <span class='ocrx_word' id='word_1_56' title='bbox 1161 681 1254 718; x_wconf 90' lang='lat' dir='ltr'>vice</span> <span class='ocrx_word' id='word_1_57' title='bbox 1288 684 1330 719; x_wconf 89' lang='lat' dir='ltr'>et</span> <span class='ocrx_word' id='word_1_58' title='bbox 1363 680 1548 730; x_wconf 88' lang='lat' dir='ltr'>partibus</span> <span class='ocrx_word' id='word_1_59' title='bbox 1582 679 1834 720; x_wconf 89' lang='lat' dir='ltr'>eorumdem.</span> <span class='ocrx_word' id='word_1_60' title='bbox 1897 681 2001 721; x_wconf 90' lang='lat' dir='ltr'>Item</span> 
     </span>
     <span class='ocr_line' id='line_1_8' title="bbox 137 746 2000 804; baseline 0.002 -19"><span class='ocrx_word' id='word_1_61' title='bbox 137 748 175 785; x_wconf 91' lang='lat' dir='ltr'>si</span> <span class='ocrx_word' id='word_1_62' title='bbox 210 749 317 786; x_wconf 91' lang='lat' dir='ltr'>inter</span> <span class='ocrx_word' id='word_1_63' title='bbox 350 749 506 785; x_wconf 87' lang='lat' dir='ltr'>amicos</span> <span class='ocrx_word' id='word_1_64' title='bbox 541 748 662 799; x_wconf 81' lang='lat' dir='ltr'>regis</span> <span class='ocrx_word' id='word_1_65' title='bbox 696 746 891 799; x_wconf 81' lang='lat' dir='ltr'>Ungarie</span> <span class='ocrx_word' id='word_1_66' title='bbox 934 751 976 785; x_wconf 89' lang='lat' dir='ltr'>et</span> <span class='ocrx_word' id='word_1_67' title='bbox 1009 751 1175 786; x_wconf 90' lang='lat' dir='ltr'>nostros</span> <span class='ocrx_word' id='word_1_68' title='bbox 1207 748 1344 799; x_wconf 86' lang='lat' dir='ltr'>aliqua</span> <span class='ocrx_word' id='word_1_69' title='bbox 1376 746 1503 788; x_wconf 88' lang='lat' dir='ltr'>suerit</span> <span class='ocrx_word' id='word_1_70' title='bbox 1534 748 1745 788; x_wconf 75' lang='lat' dir='ltr'>discordia</span> <span class='ocrx_word' id='word_1_71' title='bbox 1779 750 2000 804; x_wconf 86' lang='lat' dir='ltr'>suscitata,</span> 
     </span>
     <span class='ocr_line' id='line_1_9' title="bbox 138 815 2000 870; baseline 0.002 -16"><span class='ocrx_word' id='word_1_72' title='bbox 138 827 211 866; x_wconf 92' lang='lat' dir='ltr'>pro</span> <span class='ocrx_word' id='word_1_73' title='bbox 245 826 375 854; x_wconf 86' lang='lat' dir='ltr'>causa</span> <span class='ocrx_word' id='word_1_74' title='bbox 403 815 630 854; x_wconf 80' lang='lat' dir='ltr'>huiusmodi</span> <span class='ocrx_word' id='word_1_75' title='bbox 665 820 812 853; x_wconf 84' lang='lat' dir='ltr'>contra</span> <span class='ocrx_word' id='word_1_76' title='bbox 841 825 983 865; x_wconf 84' lang='lat' dir='ltr'>pacem</span> <span class='ocrx_word' id='word_1_77' title='bbox 1011 817 1274 865; x_wconf 77' lang='lat' dir='ltr'>promittimus</span> <span class='ocrx_word' id='word_1_78' title='bbox 1301 827 1382 856; x_wconf 91' lang='lat' dir='ltr'>non</span> <span class='ocrx_word' id='word_1_79' title='bbox 1408 818 1569 870; x_wconf 89' lang='lat' dir='ltr'>venire,</span> <span class='ocrx_word' id='word_1_80' title='bbox 1598 817 1675 856; x_wconf 90' lang='lat' dir='ltr'>sed</span> <span class='ocrx_word' id='word_1_81' title='bbox 1704 818 2000 858; x_wconf 86' lang='lat' dir='ltr'>discordantes</span> 
     </span>
     <span class='ocr_line' id='line_1_10' title="bbox 136 883 2000 938; baseline 0.003 -16"><span class='ocrx_word' id='word_1_82' title='bbox 136 884 393 922; x_wconf 81' lang='lat' dir='ltr'>studebimus</span> <span class='ocrx_word' id='word_1_83' title='bbox 426 884 461 922; x_wconf 93' lang='lat' dir='ltr'>si</span> <span class='ocrx_word' id='word_1_84' title='bbox 497 885 722 934; x_wconf 85' lang='lat' dir='ltr'>poterimus</span> <span class='ocrx_word' id='word_1_85' title='bbox 754 883 806 922; x_wconf 89' lang='lat' dir='ltr'>ad</span> <span class='ocrx_word' id='word_1_86' title='bbox 831 894 975 934; x_wconf 89' lang='lat' dir='ltr'>pacem</span> <span class='ocrx_word' id='word_1_87' title='bbox 1010 888 1051 922; x_wconf 87' lang='lat' dir='ltr'>et</span> <span class='ocrx_word' id='word_1_88' title='bbox 1077 884 1342 923; x_wconf 88' lang='lat' dir='ltr'>concordiam</span> <span class='ocrx_word' id='word_1_89' title='bbox 1376 896 1596 925; x_wconf 88' lang='lat' dir='ltr'>reuocare.</span> <span class='ocrx_word' id='word_1_90' title='bbox 1636 887 1835 938; x_wconf 86' lang='lat' dir='ltr'>Alioquin</span> <span class='ocrx_word' id='word_1_91' title='bbox 1867 898 2000 927; x_wconf 87' lang='lat' dir='ltr'>causa</span> 
     </span>
     <span class='ocr_line' id='line_1_11' title="bbox 135 952 1999 1006; baseline 0.003 -16"><span class='ocrx_word' id='word_1_92' title='bbox 135 953 243 991; x_wconf 89' lang='lat' dir='ltr'>inter</span> <span class='ocrx_word' id='word_1_93' title='bbox 282 953 397 1003; x_wconf 88' lang='lat' dir='ltr'>ipsos</span> <span class='ocrx_word' id='word_1_94' title='bbox 441 952 734 991; x_wconf 86' lang='lat' dir='ltr'>discordantes</span> <span class='ocrx_word' id='word_1_95' title='bbox 776 957 938 1006; x_wconf 85' lang='lat' dir='ltr'>exorta,</span> <span class='ocrx_word' id='word_1_96' title='bbox 978 952 1392 1003; x_wconf 89' lang='lat' dir='ltr'>archiepiscoporum</span> <span class='ocrx_word' id='word_1_97' title='bbox 1434 957 1477 993; x_wconf 89' lang='lat' dir='ltr'>et</span> <span class='ocrx_word' id='word_1_98' title='bbox 1518 955 1807 1006; x_wconf 90' lang='lat' dir='ltr'>episcoporum</span> <span class='ocrx_word' id='word_1_99' title='bbox 1847 955 1999 996; x_wconf 89' lang='lat' dir='ltr'>iudicio</span> 
     </span>
     <span class='ocr_line' id='line_1_12' title="bbox 134 1020 2000 1074; baseline 0.003 -15"><span class='ocrx_word' id='word_1_100' title='bbox 134 1021 203 1060; x_wconf 89' lang='lat' dir='ltr'>vel</span> <span class='ocrx_word' id='word_1_101' title='bbox 243 1020 491 1060; x_wconf 85' lang='lat' dir='ltr'>ordinationi</span> <span class='ocrx_word' id='word_1_102' title='bbox 543 1021 813 1074; x_wconf 89' lang='lat' dir='ltr'>relinquetur,</span> <span class='ocrx_word' id='word_1_103' title='bbox 863 1032 983 1072; x_wconf 90' lang='lat' dir='ltr'>quam</span> <span class='ocrx_word' id='word_1_104' title='bbox 1023 1021 1100 1072; x_wconf 89' lang='lat' dir='ltr'>ipsi</span> <span class='ocrx_word' id='word_1_105' title='bbox 1151 1022 1357 1072; x_wconf 88' lang='lat' dir='ltr'>recipient</span> <span class='ocrx_word' id='word_1_106' title='bbox 1405 1025 1448 1061; x_wconf 89' lang='lat' dir='ltr'>et</span> <span class='ocrx_word' id='word_1_107' title='bbox 1487 1022 1620 1062; x_wconf 90' lang='lat' dir='ltr'>eidem</span> <span class='ocrx_word' id='word_1_108' title='bbox 1663 1024 1868 1073; x_wconf 88' lang='lat' dir='ltr'>parebunt</span> <span class='ocrx_word' id='word_1_109' title='bbox 1907 1025 2000 1064; x_wconf 86' lang='lat' dir='ltr'>siue</span> 
     </span>
     <span class='ocr_line' id='line_1_13' title="bbox 134 1089 2001 1145; baseline 0.001 -15"><span class='ocrx_word' id='word_1_110' title='bbox 134 1090 316 1130; x_wconf 85' lang='lat' dir='ltr'>stabunt.</span> <span class='ocrx_word' id='word_1_111' title='bbox 380 1089 538 1138; x_wconf 80' lang='lat' dir='ltr'>Quodsi</span> <span class='ocrx_word' id='word_1_112' title='bbox 573 1090 694 1129; x_wconf 88' lang='lat' dir='ltr'>amici</span> <span class='ocrx_word' id='word_1_113' title='bbox 728 1091 860 1129; x_wconf 87' lang='lat' dir='ltr'>nostri</span> <span class='ocrx_word' id='word_1_114' title='bbox 895 1090 974 1129; x_wconf 90' lang='lat' dir='ltr'>hec</span> <span class='ocrx_word' id='word_1_115' title='bbox 1008 1091 1224 1129; x_wconf 90' lang='lat' dir='ltr'>renuerint</span> <span class='ocrx_word' id='word_1_116' title='bbox 1257 1090 1498 1145; x_wconf 86' lang='lat' dir='ltr'>adimplere,</span> <span class='ocrx_word' id='word_1_117' title='bbox 1527 1091 1676 1130; x_wconf 91' lang='lat' dir='ltr'>nullum</span> <span class='ocrx_word' id='word_1_118' title='bbox 1710 1092 1925 1131; x_wconf 90' lang='lat' dir='ltr'>consilium</span> <span class='ocrx_word' id='word_1_119' title='bbox 1957 1095 2001 1132; x_wconf 87' lang='lat' dir='ltr'>et</span> 
     </span>
     <span class='ocr_line' id='line_1_14' title="bbox 135 1158 1999 1215; baseline 0.002 -18"><span class='ocrx_word' id='word_1_120' title='bbox 135 1159 330 1198; x_wconf 84' lang='lat' dir='ltr'>auxilium</span> <span class='ocrx_word' id='word_1_121' title='bbox 365 1158 521 1197; x_wconf 86' lang='lat' dir='ltr'>eisdem</span> <span class='ocrx_word' id='word_1_122' title='bbox 562 1159 841 1209; x_wconf 87' lang='lat' dir='ltr'>impendemus</span> <span class='ocrx_word' id='word_1_123' title='bbox 875 1164 1020 1198; x_wconf 85' lang='lat' dir='ltr'>contra</span> <span class='ocrx_word' id='word_1_124' title='bbox 1064 1171 1212 1213; x_wconf 77' lang='lat' dir='ltr'>regem</span> <span class='ocrx_word' id='word_1_125' title='bbox 1246 1160 1444 1214; x_wconf 81' lang='lat' dir='ltr'>Ungarie</span> <span class='ocrx_word' id='word_1_126' title='bbox 1483 1161 1785 1215; x_wconf 79' lang='lat' dir='ltr'>supradictum3</span> <span class='ocrx_word' id='word_1_127' title='bbox 1825 1161 1861 1200; x_wconf 88' lang='lat' dir='ltr'>si</span> <span class='ocrx_word' id='word_1_128' title='bbox 1894 1172 1999 1201; x_wconf 87' lang='lat' dir='ltr'>vero</span> 
     </span>
     <span class='ocr_line' id='line_1_15' title="bbox 134 1227 2000 1281; baseline 0.002 -15"><span class='ocrx_word' id='word_1_129' title='bbox 134 1227 242 1279; x_wconf 89' lang='lat' dir='ltr'>quod</span> <span class='ocrx_word' id='word_1_130' title='bbox 276 1227 387 1266; x_wconf 87' lang='lat' dir='ltr'>absit</span> <span class='ocrx_word' id='word_1_131' title='bbox 429 1239 506 1266; x_wconf 85' lang='lat' dir='ltr'>rex</span> <span class='ocrx_word' id='word_1_132' title='bbox 543 1228 737 1281; x_wconf 83' lang='lat' dir='ltr'>Ungarie</span> <span class='ocrx_word' id='word_1_133' title='bbox 780 1229 899 1278; x_wconf 89' lang='lat' dir='ltr'>pacis</span> <span class='ocrx_word' id='word_1_134' title='bbox 940 1228 1119 1267; x_wconf 91' lang='lat' dir='ltr'>violator</span> <span class='ocrx_word' id='word_1_135' title='bbox 1158 1239 1213 1267; x_wconf 88' lang='lat' dir='ltr'>ex</span> <span class='ocrx_word' id='word_1_136' title='bbox 1254 1239 1503 1280; x_wconf 90' lang='lat' dir='ltr'>quacunque</span> <span class='ocrx_word' id='word_1_137' title='bbox 1545 1240 1676 1268; x_wconf 85' lang='lat' dir='ltr'>causa</span> <span class='ocrx_word' id='word_1_138' title='bbox 1719 1231 1888 1280; x_wconf 86' lang='lat' dir='ltr'>propria</span> <span class='ocrx_word' id='word_1_139' title='bbox 1930 1230 2000 1270; x_wconf 91' lang='lat' dir='ltr'>vel</span> 
     </span>
     <span class='ocr_line' id='line_1_16' title="bbox 133 1295 1998 1352; baseline 0.002 -18"><span class='ocrx_word' id='word_1_140' title='bbox 133 1297 355 1335; x_wconf 88' lang='lat' dir='ltr'>amicorum</span> <span class='ocrx_word' id='word_1_141' title='bbox 389 1309 554 1335; x_wconf 90' lang='lat' dir='ltr'>suorum</span> <span class='ocrx_word' id='word_1_142' title='bbox 596 1308 645 1335; x_wconf 91' lang='lat' dir='ltr'>ac</span> <span class='ocrx_word' id='word_1_143' title='bbox 680 1297 881 1336; x_wconf 88' lang='lat' dir='ltr'>hominum</span> <span class='ocrx_word' id='word_1_144' title='bbox 922 1298 1048 1351; x_wconf 80' lang='lat' dir='ltr'>regni</span> <span class='ocrx_word' id='word_1_145' title='bbox 1083 1298 1146 1336; x_wconf 87' lang='lat' dir='ltr'>sui</span> <span class='ocrx_word' id='word_1_146' title='bbox 1183 1300 1376 1336; x_wconf 87' lang='lat' dir='ltr'>inuentus</span> <span class='ocrx_word' id='word_1_147' title='bbox 1410 1295 1534 1337; x_wconf 88' lang='lat' dir='ltr'>fuerit</span> <span class='ocrx_word' id='word_1_148' title='bbox 1567 1298 1636 1337; x_wconf 92' lang='lat' dir='ltr'>vel</span> <span class='ocrx_word' id='word_1_149' title='bbox 1669 1299 1871 1352; x_wconf 87' lang='lat' dir='ltr'>turbator,</span> <span class='ocrx_word' id='word_1_150' title='bbox 1908 1300 1998 1349; x_wconf 92' lang='lat' dir='ltr'>ipso</span> 
     </span>
     <span class='ocr_line' id='line_1_17' title="bbox 132 1363 1998 1420; baseline 0.001 -16"><span class='ocrx_word' id='word_1_151' title='bbox 132 1363 242 1404; x_wconf 86' lang='lat' dir='ltr'>facto</span> <span class='ocrx_word' id='word_1_152' title='bbox 285 1365 440 1404; x_wconf 79' lang='lat' dir='ltr'>incidet</span> <span class='ocrx_word' id='word_1_153' title='bbox 479 1367 519 1404; x_wconf 94' lang='lat' dir='ltr'>in</span> <span class='ocrx_word' id='word_1_154' title='bbox 557 1367 803 1405; x_wconf 90' lang='lat' dir='ltr'>sententiam</span> <span class='ocrx_word' id='word_1_155' title='bbox 853 1367 1307 1420; x_wconf 68' lang='lat' dir='ltr'>excommunicationis,</span> <span class='ocrx_word' id='word_1_156' title='bbox 1350 1378 1470 1418; x_wconf 88' lang='lat' dir='ltr'>quam</span> <span class='ocrx_word' id='word_1_157' title='bbox 1510 1377 1677 1406; x_wconf 87' lang='lat' dir='ltr'>exnunc</span> <span class='ocrx_word' id='word_1_158' title='bbox 1726 1367 1998 1407; x_wconf 87' lang='lat' dir='ltr'>venerabiles</span> 
     </span>
     <span class='ocr_line' id='line_1_18' title="bbox 133 1433 1999 1490; baseline 0.001 -17"><span class='ocrx_word' id='word_1_159' title='bbox 133 1438 276 1484; x_wconf 89' lang='lat' dir='ltr'>patres</span> <span class='ocrx_word' id='word_1_160' title='bbox 310 1434 617 1485; x_wconf 88' lang='lat' dir='ltr'>archiepiscopi</span> <span class='ocrx_word' id='word_1_161' title='bbox 650 1434 963 1488; x_wconf 83' lang='lat' dir='ltr'>Strigoniensis</span> <span class='ocrx_word' id='word_1_162' title='bbox 997 1438 1039 1474; x_wconf 88' lang='lat' dir='ltr'>et</span> <span class='ocrx_word' id='word_1_163' title='bbox 1071 1433 1320 1475; x_wconf 87' lang='lat' dir='ltr'>Colocensis</span> <span class='ocrx_word' id='word_1_164' title='bbox 1352 1446 1577 1486; x_wconf 88' lang='lat' dir='ltr'>eorumque</span> <span class='ocrx_word' id='word_1_165' title='bbox 1610 1434 1871 1490; x_wconf 81' lang='lat' dir='ltr'>suffraganei</span> <span class='ocrx_word' id='word_1_166' title='bbox 1905 1437 1999 1487; x_wconf 89' lang='lat' dir='ltr'>epi-</span> 
     </span>
     <span class='ocr_line' id='line_1_19' title="bbox 132 1503 1996 1557; baseline 0.001 -15"><span class='ocrx_word' id='word_1_167' title='bbox 132 1504 248 1554; x_wconf 89' lang='lat' dir='ltr'>scopi</span> <span class='ocrx_word' id='word_1_168' title='bbox 290 1503 488 1557; x_wconf 79' lang='lat' dir='ltr'>Ungarie</span> <span class='ocrx_word' id='word_1_169' title='bbox 527 1504 708 1543; x_wconf 90' lang='lat' dir='ltr'>tulerunt</span> <span class='ocrx_word' id='word_1_170' title='bbox 757 1504 795 1542; x_wconf 92' lang='lat' dir='ltr'>in</span> <span class='ocrx_word' id='word_1_171' title='bbox 845 1505 1013 1555; x_wconf 90' lang='lat' dir='ltr'>scriptis</span> <span class='ocrx_word' id='word_1_172' title='bbox 1053 1504 1306 1557; x_wconf 67' lang='lat' dir='ltr'>solenniter,</span> <span class='ocrx_word' id='word_1_173' title='bbox 1353 1509 1396 1544; x_wconf 87' lang='lat' dir='ltr'>et</span> <span class='ocrx_word' id='word_1_174' title='bbox 1436 1505 1546 1556; x_wconf 90' lang='lat' dir='ltr'>quod</span> <span class='ocrx_word' id='word_1_175' title='bbox 1594 1504 1742 1544; x_wconf 83' lang='lat' dir='ltr'>eadem</span> <span class='ocrx_word' id='word_1_176' title='bbox 1783 1506 1996 1545; x_wconf 88' lang='lat' dir='ltr'>sententia</span> 
     </span>
     <span class='ocr_line' id='line_1_20' title="bbox 131 1572 1996 1627; baseline 0.002 -17"><span class='ocrx_word' id='word_1_177' title='bbox 131 1575 275 1611; x_wconf 83' lang='lat' dir='ltr'>teneat</span> <span class='ocrx_word' id='word_1_178' title='bbox 314 1576 356 1611; x_wconf 88' lang='lat' dir='ltr'>et</span> <span class='ocrx_word' id='word_1_179' title='bbox 397 1573 611 1626; x_wconf 82' lang='lat' dir='ltr'>astringat</span> <span class='ocrx_word' id='word_1_180' title='bbox 650 1573 893 1612; x_wconf 85' lang='lat' dir='ltr'>violatorem</span> <span class='ocrx_word' id='word_1_181' title='bbox 933 1574 1050 1624; x_wconf 83' lang='lat' dir='ltr'>pacis</span> <span class='ocrx_word' id='word_1_182' title='bbox 1091 1578 1132 1612; x_wconf 90' lang='lat' dir='ltr'>et</span> <span class='ocrx_word' id='word_1_183' title='bbox 1174 1573 1402 1613; x_wconf 90' lang='lat' dir='ltr'>concordie</span> <span class='ocrx_word' id='word_1_184' title='bbox 1443 1585 1534 1612; x_wconf 90' lang='lat' dir='ltr'>cum</span> <span class='ocrx_word' id='word_1_185' title='bbox 1577 1572 1742 1627; x_wconf 82' lang='lat' dir='ltr'>effectu,</span> <span class='ocrx_word' id='word_1_186' title='bbox 1783 1574 1875 1625; x_wconf 91' lang='lat' dir='ltr'>ipse</span> <span class='ocrx_word' id='word_1_187' title='bbox 1916 1585 1996 1614; x_wconf 88' lang='lat' dir='ltr'>rex</span> 
     </span>
     <span class='ocr_line' id='line_1_21' title="bbox 131 1640 1997 1694; baseline 0.001 -12"><span class='ocrx_word' id='word_1_188' title='bbox 131 1640 329 1694; x_wconf 81' lang='lat' dir='ltr'>Ungarie</span> <span class='ocrx_word' id='word_1_189' title='bbox 363 1641 542 1680; x_wconf 88' lang='lat' dir='ltr'>subiecit</span> <span class='ocrx_word' id='word_1_190' title='bbox 575 1653 622 1680; x_wconf 89' lang='lat' dir='ltr'>se</span> <span class='ocrx_word' id='word_1_191' title='bbox 657 1642 931 1681; x_wconf 89' lang='lat' dir='ltr'>iurisdictioni</span> <span class='ocrx_word' id='word_1_192' title='bbox 966 1643 1143 1693; x_wconf 87' lang='lat' dir='ltr'>ipsorum</span> <span class='ocrx_word' id='word_1_193' title='bbox 1186 1642 1598 1692; x_wconf 85' lang='lat' dir='ltr'>archiepiscoporum</span> <span class='ocrx_word' id='word_1_194' title='bbox 1633 1646 1674 1682; x_wconf 89' lang='lat' dir='ltr'>et</span> <span class='ocrx_word' id='word_1_195' title='bbox 1707 1643 1997 1694; x_wconf 87' lang='lat' dir='ltr'>episcoporum</span> 
     </span>
     <span class='ocr_line' id='line_1_22' title="bbox 131 1709 1997 1765; baseline 0.002 -17"><span class='ocrx_word' id='word_1_196' title='bbox 131 1720 210 1748; x_wconf 93' lang='lat' dir='ltr'>non</span> <span class='ocrx_word' id='word_1_197' title='bbox 245 1709 508 1748; x_wconf 87' lang='lat' dir='ltr'>obstantibus</span> <span class='ocrx_word' id='word_1_198' title='bbox 547 1710 755 1762; x_wconf 88' lang='lat' dir='ltr'>aliquibus</span> <span class='ocrx_word' id='word_1_199' title='bbox 795 1711 941 1763; x_wconf 90' lang='lat' dir='ltr'>literis,</span> <span class='ocrx_word' id='word_1_200' title='bbox 983 1711 1255 1765; x_wconf 81' lang='lat' dir='ltr'>indulgentiis</span> <span class='ocrx_word' id='word_1_201' title='bbox 1298 1723 1374 1750; x_wconf 89' lang='lat' dir='ltr'>seu</span> <span class='ocrx_word' id='word_1_202' title='bbox 1417 1711 1654 1765; x_wconf 83' lang='lat' dir='ltr'>priuilegiis</span> <span class='ocrx_word' id='word_1_203' title='bbox 1694 1723 1718 1750; x_wconf 90' lang='lat' dir='ltr'>a</span> <span class='ocrx_word' id='word_1_204' title='bbox 1752 1711 1856 1751; x_wconf 89' lang='lat' dir='ltr'>sede</span> <span class='ocrx_word' id='word_1_205' title='bbox 1890 1724 1997 1763; x_wconf 89' lang='lat' dir='ltr'>apo-</span> 
     </span>
     <span class='ocr_line' id='line_1_23' title="bbox 130 1778 1996 1831; baseline 0.002 -15"><span class='ocrx_word' id='word_1_206' title='bbox 130 1778 280 1817; x_wconf 87' lang='lat' dir='ltr'>stolica</span> <span class='ocrx_word' id='word_1_207' title='bbox 322 1780 548 1829; x_wconf 85' lang='lat' dir='ltr'>impetratis</span> <span class='ocrx_word' id='word_1_208' title='bbox 590 1779 657 1818; x_wconf 88' lang='lat' dir='ltr'>vel</span> <span class='ocrx_word' id='word_1_209' title='bbox 696 1780 735 1818; x_wconf 92' lang='lat' dir='ltr'>in</span> <span class='ocrx_word' id='word_1_210' title='bbox 777 1784 986 1830; x_wconf 89' lang='lat' dir='ltr'>posterum</span> <span class='ocrx_word' id='word_1_211' title='bbox 1028 1780 1309 1830; x_wconf 85' lang='lat' dir='ltr'>impetrandis.</span> <span class='ocrx_word' id='word_1_212' title='bbox 1375 1780 1580 1820; x_wconf 85' lang='lat' dir='ltr'>Preterea</span> <span class='ocrx_word' id='word_1_213' title='bbox 1622 1784 1664 1819; x_wconf 93' lang='lat' dir='ltr'>ut</span> <span class='ocrx_word' id='word_1_214' title='bbox 1704 1781 1996 1831; x_wconf 84' lang='lat' dir='ltr'>multiplicatus</span> 
     </span>
     <span class='ocr_line' id='line_1_24' title="bbox 131 1844 1994 1901; baseline 0.002 -17"><span class='ocrx_word' id='word_1_215' title='bbox 131 1844 337 1886; x_wconf 84' lang='lat' dir='ltr'>funiculus</span> <span class='ocrx_word' id='word_1_216' title='bbox 372 1859 515 1898; x_wconf 88' lang='lat' dir='ltr'>pacem</span> <span class='ocrx_word' id='word_1_217' title='bbox 549 1846 676 1887; x_wconf 85' lang='lat' dir='ltr'>faciat</span> <span class='ocrx_word' id='word_1_218' title='bbox 710 1848 949 1901; x_wconf 89' lang='lat' dir='ltr'>pleniorem,</span> <span class='ocrx_word' id='word_1_219' title='bbox 985 1849 1257 1889; x_wconf 84' lang='lat' dir='ltr'>venerabiles</span> <span class='ocrx_word' id='word_1_220' title='bbox 1301 1853 1443 1900; x_wconf 88' lang='lat' dir='ltr'>patres</span> <span class='ocrx_word' id='word_1_221' title='bbox 1485 1878 1495 1887; x_wconf 89' lang='lat'><strong>.</strong></span> <span class='ocrx_word' id='word_1_222' title='bbox 1535 1877 1544 1887; x_wconf 92' lang='lat'>.</span> <span class='ocrx_word' id='word_1_223' title='bbox 1589 1878 1599 1887; x_wconf 93' lang='lat'>.</span> <span class='ocrx_word' id='word_1_224' title='bbox 1640 1849 1801 1888; x_wconf 86' lang='lat' dir='ltr'>electus</span> <span class='ocrx_word' id='word_1_225' title='bbox 1833 1847 1994 1889; x_wconf 87' lang='lat' dir='ltr'>Salze-</span> 
     </span>
     <span class='ocr_line' id='line_1_25' title="bbox 130 1916 1995 1973; baseline 0.002 -20"><span class='ocrx_word' id='word_1_226' title='bbox 130 1916 380 1969; x_wconf 75' lang='lat' dir='ltr'>burgensis,</span> <span class='ocrx_word' id='word_1_227' title='bbox 414 1945 423 1955; x_wconf 91' lang='lat'>.</span> <span class='ocrx_word' id='word_1_228' title='bbox 457 1946 467 1955; x_wconf 89' lang='lat'><strong>.</strong></span> <span class='ocrx_word' id='word_1_229' title='bbox 502 1917 785 1970; x_wconf 80' lang='lat' dir='ltr'>Patauiensis,</span> <span class='ocrx_word' id='word_1_230' title='bbox 810 1947 819 1956; x_wconf 90' lang='lat'><strong><em>.</em></strong></span> <span class='ocrx_word' id='word_1_231' title='bbox 844 1946 853 1956; x_wconf 89' lang='lat'>.</span> <span class='ocrx_word' id='word_1_232' title='bbox 882 1918 1191 1971; x_wconf 68' lang='lat' dir='ltr'>1⁴¹1·ising·ensis,</span> <span class='ocrx_word' id='word_1_233' title='bbox 1219 1947 1229 1956; x_wconf 91' lang='lat'><strong>.</strong></span> <span class='ocrx_word' id='word_1_234' title='bbox 1258 1947 1268 1956; x_wconf 87' lang='lat'><strong>.</strong></span> <span class='ocrx_word' id='word_1_235' title='bbox 1294 1918 1635 1971; x_wconf 89' lang='lat' dir='ltr'>Ratisponensis,</span> <span class='ocrx_word' id='word_1_236' title='bbox 1664 1946 1673 1956; x_wconf 90' lang='lat'><strong>.</strong></span> <span class='ocrx_word' id='word_1_237' title='bbox 1701 1946 1711 1956; x_wconf 86' lang='lat'><strong>.</strong></span> <span class='ocrx_word' id='word_1_238' title='bbox 1739 1918 1995 1973; x_wconf 84' lang='lat' dir='ltr'>Pragensis,</span> 
     </span>
     <span class='ocr_line' id='line_1_26' title="bbox 132 1985 1995 2040; baseline 0.002 -18"><span class='ocrx_word' id='word_1_239' title='bbox 132 2014 140 2022; x_wconf 92' lang='lat'><strong>.</strong></span> <span class='ocrx_word' id='word_1_240' title='bbox 176 2014 184 2023; x_wconf 88' lang='lat'><strong><em>.</em></strong></span> <span class='ocrx_word' id='word_1_241' title='bbox 220 1985 507 2025; x_wconf 77' lang='lat' dir='ltr'>olomucensis</span> <span class='ocrx_word' id='word_1_242' title='bbox 548 1990 589 2025; x_wconf 91' lang='lat' dir='ltr'>et</span> <span class='ocrx_word' id='word_1_243' title='bbox 622 2015 631 2025; x_wconf 87' lang='lat'><strong>.</strong></span> <span class='ocrx_word' id='word_1_244' title='bbox 666 2015 675 2025; x_wconf 88' lang='lat'>.</span> <span class='ocrx_word' id='word_1_245' title='bbox 709 1986 986 2027; x_wconf 88' lang='lat' dir='ltr'>Secouiensis</span> <span class='ocrx_word' id='word_1_246' title='bbox 1029 1987 1217 2038; x_wconf 84' lang='lat' dir='ltr'>episcopi</span> <span class='ocrx_word' id='word_1_247' title='bbox 1258 1988 1387 2040; x_wconf 84' lang='lat' dir='ltr'>regni</span> <span class='ocrx_word' id='word_1_248' title='bbox 1429 1991 1718 2038; x_wconf 87' lang='lat' dir='ltr'>terrarumque</span> <span class='ocrx_word' id='word_1_249' title='bbox 1759 1991 1995 2026; x_wconf 89' lang='lat' dir='ltr'>nostrarum</span> 
     </span>
     <span class='ocr_line' id='line_1_27' title="bbox 131 2053 1996 2109; baseline 0.003 -19"><span class='ocrx_word' id='word_1_250' title='bbox 131 2053 373 2092; x_wconf 84' lang='lat' dir='ltr'>iurauerunt</span> <span class='ocrx_word' id='word_1_251' title='bbox 405 2060 599 2105; x_wconf 86' lang='lat' dir='ltr'>quantum</span> <span class='ocrx_word' id='word_1_252' title='bbox 633 2056 673 2094; x_wconf 92' lang='lat' dir='ltr'>in</span> <span class='ocrx_word' id='word_1_253' title='bbox 707 2057 769 2094; x_wconf 89' lang='lat' dir='ltr'>eis</span> <span class='ocrx_word' id='word_1_254' title='bbox 803 2060 869 2095; x_wconf 87' lang='lat' dir='ltr'>est</span> <span class='ocrx_word' id='word_1_255' title='bbox 903 2066 1046 2107; x_wconf 84' lang='lat' dir='ltr'>pacem</span> <span class='ocrx_word' id='word_1_256' title='bbox 1083 2060 1319 2106; x_wconf 88' lang='lat' dir='ltr'>presentem</span> <span class='ocrx_word' id='word_1_257' title='bbox 1355 2057 1463 2094; x_wconf 92' lang='lat' dir='ltr'>inter</span> <span class='ocrx_word' id='word_1_258' title='bbox 1496 2057 1625 2106; x_wconf 83' lang='lat' dir='ltr'>ipsum</span> <span class='ocrx_word' id='word_1_259' title='bbox 1661 2066 1810 2109; x_wconf 82' lang='lat' dir='ltr'>regem</span> <span class='ocrx_word' id='word_1_260' title='bbox 1845 2060 1886 2094; x_wconf 90' lang='lat' dir='ltr'>et</span> <span class='ocrx_word' id='word_1_261' title='bbox 1920 2067 1996 2095; x_wconf 88' lang='lat' dir='ltr'>nos</span> 
     </span>
     <span class='ocr_line' id='line_1_28' title="bbox 132 2121 1995 2176; baseline 0.003 -17"><span class='ocrx_word' id='word_1_262' title='bbox 132 2121 359 2160; x_wconf 81' lang='lat' dir='ltr'>ordinatam</span> <span class='ocrx_word' id='word_1_263' title='bbox 395 2128 542 2161; x_wconf 80' lang='lat' dir='ltr'>tenere</span> <span class='ocrx_word' id='word_1_264' title='bbox 575 2135 624 2162; x_wconf 88' lang='lat' dir='ltr'>ac</span> <span class='ocrx_word' id='word_1_265' title='bbox 658 2136 836 2163; x_wconf 90' lang='lat' dir='ltr'>seruare</span> <span class='ocrx_word' id='word_1_266' title='bbox 870 2129 912 2164; x_wconf 93' lang='lat' dir='ltr'>et</span> <span class='ocrx_word' id='word_1_267' title='bbox 937 2137 1013 2164; x_wconf 90' lang='lat' dir='ltr'>nos</span> <span class='ocrx_word' id='word_1_268' title='bbox 1048 2126 1248 2165; x_wconf 87' lang='lat' dir='ltr'>inducere</span> <span class='ocrx_word' id='word_1_269' title='bbox 1283 2127 1399 2164; x_wconf 85' lang='lat' dir='ltr'>iuxta</span> <span class='ocrx_word' id='word_1_270' title='bbox 1427 2126 1714 2176; x_wconf 88' lang='lat' dir='ltr'>promissionis</span> <span class='ocrx_word' id='word_1_271' title='bbox 1748 2137 1771 2164; x_wconf 91' lang='lat' dir='ltr'>a</span> <span class='ocrx_word' id='word_1_272' title='bbox 1806 2136 1854 2163; x_wconf 87' lang='lat' dir='ltr'>se</span> <span class='ocrx_word' id='word_1_273' title='bbox 1883 2123 1995 2165; x_wconf 79' lang='lat' dir='ltr'>facte</span> 
     </span>
     <span class='ocr_line' id='line_1_29' title="bbox 132 2188 1994 2246; baseline 0.003 -20"><span class='ocrx_word' id='word_1_274' title='bbox 132 2188 299 2228; x_wconf 87' lang='lat' dir='ltr'>sormam</span> <span class='ocrx_word' id='word_1_275' title='bbox 335 2191 385 2228; x_wconf 81' lang='lat' dir='ltr'>ad</span> <span class='ocrx_word' id='word_1_276' title='bbox 421 2192 595 2230; x_wconf 85' lang='lat' dir='ltr'>eandem</span> <span class='ocrx_word' id='word_1_277' title='bbox 629 2199 763 2232; x_wconf 80' lang='lat' dir='ltr'>mutuo</span> <span class='ocrx_word' id='word_1_278' title='bbox 798 2194 1105 2233; x_wconf 88' lang='lat' dir='ltr'>obseruandam</span> <span class='ocrx_word' id='word_1_279' title='bbox 1149 2198 1190 2233; x_wconf 92' lang='lat' dir='ltr'>et</span> <span class='ocrx_word' id='word_1_280' title='bbox 1229 2194 1450 2234; x_wconf 88' lang='lat' dir='ltr'>tenendum</span> <span class='ocrx_word' id='word_1_281' title='bbox 1494 2206 1545 2233; x_wconf 88' lang='lat' dir='ltr'>ea</span> <span class='ocrx_word' id='word_1_282' title='bbox 1585 2205 1666 2246; x_wconf 87' lang='lat' dir='ltr'>que</span> <span class='ocrx_word' id='word_1_283' title='bbox 1708 2194 1994 2244; x_wconf 89' lang='lat' dir='ltr'>inpresentia-</span> 
     </span>
     <span class='ocr_line' id='line_1_30' title="bbox 132 2260 1996 2318; baseline 0.003 -21"><span class='ocrx_word' id='word_1_284' title='bbox 132 2271 216 2297; x_wconf 93' lang='lat' dir='ltr'>rum</span> <span class='ocrx_word' id='word_1_285' title='bbox 253 2260 508 2309; x_wconf 79' lang='lat' dir='ltr'>promisimus</span> <span class='ocrx_word' id='word_1_286' title='bbox 545 2265 586 2298; x_wconf 91' lang='lat' dir='ltr'>et</span> <span class='ocrx_word' id='word_1_287' title='bbox 614 2262 891 2316; x_wconf 72' lang='lat' dir='ltr'>promittimus,</span> <span class='ocrx_word' id='word_1_288' title='bbox 925 2263 1221 2314; x_wconf 86' lang='lat' dir='ltr'>spopondimus</span> <span class='ocrx_word' id='word_1_289' title='bbox 1249 2267 1290 2304; x_wconf 89' lang='lat' dir='ltr'>et</span> <span class='ocrx_word' id='word_1_290' title='bbox 1316 2263 1585 2318; x_wconf 84' lang='lat' dir='ltr'>spondemus,</span> <span class='ocrx_word' id='word_1_291' title='bbox 1611 2265 1720 2302; x_wconf 92' lang='lat' dir='ltr'>sicut</span> <span class='ocrx_word' id='word_1_292' title='bbox 1752 2264 1790 2302; x_wconf 91' lang='lat' dir='ltr'>in</span> <span class='ocrx_word' id='word_1_293' title='bbox 1816 2263 1996 2314; x_wconf 89' lang='lat' dir='ltr'>ipsorum</span> 
     </span>
     <span class='ocr_line' id='line_1_31' title="bbox 131 2327 1994 2384; baseline 0.003 -19"><span class='ocrx_word' id='word_1_294' title='bbox 131 2327 262 2366; x_wconf 86' lang='lat' dir='ltr'>literis</span> <span class='ocrx_word' id='word_1_295' title='bbox 297 2328 457 2378; x_wconf 83' lang='lat' dir='ltr'>plenius</span> <span class='ocrx_word' id='word_1_296' title='bbox 492 2330 737 2367; x_wconf 88' lang='lat' dir='ltr'>continetur.</span> <span class='ocrx_word' id='word_1_297' title='bbox 789 2330 1076 2372; x_wconf 80' lang='lat' dir='ltr'>l’romiserunt</span> <span class='ocrx_word' id='word_1_298' title='bbox 1108 2334 1229 2373; x_wconf 89' lang='lat' dir='ltr'>etiam</span> <span class='ocrx_word' id='word_1_299' title='bbox 1264 2344 1340 2384; x_wconf 93' lang='lat' dir='ltr'>per</span> <span class='ocrx_word' id='word_1_300' title='bbox 1374 2333 1480 2372; x_wconf 89' lang='lat' dir='ltr'>idem</span> <span class='ocrx_word' id='word_1_301' title='bbox 1513 2334 1783 2372; x_wconf 88' lang='lat' dir='ltr'>iuramentum</span> <span class='ocrx_word' id='word_1_302' title='bbox 1818 2336 1860 2371; x_wconf 87' lang='lat' dir='ltr'>et</span> <span class='ocrx_word' id='word_1_303' title='bbox 1894 2342 1994 2382; x_wconf 92' lang='lat' dir='ltr'>pro-</span> 
     </span>
     <span class='ocr_line' id='line_1_32' title="bbox 130 2396 1993 2455; baseline 0.001 -20"><span class='ocrx_word' id='word_1_304' title='bbox 130 2397 300 2449; x_wconf 85' lang='lat' dir='ltr'>mittunt,</span> <span class='ocrx_word' id='word_1_305' title='bbox 334 2396 441 2447; x_wconf 85' lang='lat' dir='ltr'>quod</span> <span class='ocrx_word' id='word_1_306' title='bbox 477 2398 511 2435; x_wconf 90' lang='lat' dir='ltr'>si</span> <span class='ocrx_word' id='word_1_307' title='bbox 548 2409 622 2435; x_wconf 83' lang='lat' dir='ltr'>nos</span> <span class='ocrx_word' id='word_1_308' title='bbox 657 2398 764 2448; x_wconf 88' lang='lat' dir='ltr'>quod</span> <span class='ocrx_word' id='word_1_309' title='bbox 800 2399 908 2437; x_wconf 89' lang='lat' dir='ltr'>absit</span> <span class='ocrx_word' id='word_1_310' title='bbox 943 2412 1085 2449; x_wconf 85' lang='lat' dir='ltr'>pacem</span> <span class='ocrx_word' id='word_1_311' title='bbox 1128 2400 1366 2455; x_wconf 77' lang='lat' dir='ltr'>infringere</span> <span class='ocrx_word' id='word_1_312' title='bbox 1399 2402 1683 2454; x_wconf 72' lang='lat' dir='ltr'>contingeret,</span> <span class='ocrx_word' id='word_1_313' title='bbox 1726 2400 1792 2439; x_wconf 92' lang='lat' dir='ltr'>vel</span> <span class='ocrx_word' id='word_1_314' title='bbox 1827 2411 1878 2438; x_wconf 88' lang='lat' dir='ltr'>ea</span> <span class='ocrx_word' id='word_1_315' title='bbox 1912 2409 1993 2450; x_wconf 86' lang='lat' dir='ltr'>que</span> 
     </span>
     <span class='ocr_line' id='line_1_33' title="bbox 131 2465 1992 2521; baseline 0.001 -18"><span class='ocrx_word' id='word_1_316' title='bbox 131 2466 169 2504; x_wconf 92' lang='lat' dir='ltr'>in</span> <span class='ocrx_word' id='word_1_317' title='bbox 213 2476 391 2515; x_wconf 83' lang='lat' dir='ltr'>presens</span> <span class='ocrx_word' id='word_1_318' title='bbox 444 2465 634 2515; x_wconf 78' lang='lat' dir='ltr'>placitum</span> <span class='ocrx_word' id='word_1_319' title='bbox 676 2470 772 2504; x_wconf 89' lang='lat' dir='ltr'>sunt</span> <span class='ocrx_word' id='word_1_320' title='bbox 818 2467 995 2506; x_wconf 80' lang='lat' dir='ltr'>deducta</span> <span class='ocrx_word' id='word_1_321' title='bbox 1040 2470 1215 2519; x_wconf 77' lang='lat' dir='ltr'>violare,</span> <span class='ocrx_word' id='word_1_322' title='bbox 1259 2471 1377 2509; x_wconf 88' lang='lat' dir='ltr'>iidem</span> <span class='ocrx_word' id='word_1_323' title='bbox 1426 2468 1790 2521; x_wconf 83' lang='lat' dir='ltr'>Salzeburgensis</span> <span class='ocrx_word' id='word_1_324' title='bbox 1830 2467 1992 2506; x_wconf 89' lang='lat' dir='ltr'>electus</span> 
     </span>
     <span class='ocr_line' id='line_1_34' title="bbox 130 2535 1992 2589; baseline 0.001 -18"><span class='ocrx_word' id='word_1_325' title='bbox 130 2535 314 2573; x_wconf 74' lang='lat' dir='ltr'>ecclesie</span> <span class='ocrx_word' id='word_1_326' title='bbox 350 2540 389 2572; x_wconf 86' lang='lat' dir='ltr'>et</span> <span class='ocrx_word' id='word_1_327' title='bbox 424 2535 608 2585; x_wconf 74' lang='lat' dir='ltr'>episcopi</span> <span class='ocrx_word' id='word_1_328' title='bbox 640 2535 830 2573; x_wconf 85' lang='lat' dir='ltr'>nominati</span> <span class='ocrx_word' id='word_1_329' title='bbox 860 2537 1071 2587; x_wconf 75' lang='lat' dir='ltr'>regnique</span> <span class='ocrx_word' id='word_1_330' title='bbox 1105 2540 1233 2577; x_wconf 83' lang='lat' dir='ltr'>nostri</span> <span class='ocrx_word' id='word_1_331' title='bbox 1262 2539 1443 2577; x_wconf 84' lang='lat' dir='ltr'>barones</span> <span class='ocrx_word' id='word_1_332' title='bbox 1477 2549 1553 2576; x_wconf 87' lang='lat' dir='ltr'>nos</span> <span class='ocrx_word' id='word_1_333' title='bbox 1587 2537 1787 2575; x_wconf 82' lang='lat' dir='ltr'>deserent</span> <span class='ocrx_word' id='word_1_334' title='bbox 1819 2539 1861 2574; x_wconf 90' lang='lat' dir='ltr'>et</span> <span class='ocrx_word' id='word_1_335' title='bbox 1894 2536 1992 2589; x_wconf 83' lang='lat' dir='ltr'>regi</span> 
     </span>
     <span class='ocr_line' id='line_1_35' title="bbox 134 2603 1991 2658; baseline 0.001 -16"><span class='ocrx_word' id='word_1_336' title='bbox 134 2603 326 2654; x_wconf 62' lang='lat' dir='ltr'>l&#39;ngarie</span> <span class='ocrx_word' id='word_1_337' title='bbox 361 2603 624 2642; x_wconf 80' lang='lat' dir='ltr'>adherebunt</span> <span class='ocrx_word' id='word_1_338' title='bbox 650 2614 705 2642; x_wconf 79' lang='lat' dir='ltr'>ex</span> <span class='ocrx_word' id='word_1_339' title='bbox 739 2604 878 2642; x_wconf 87' lang='lat' dir='ltr'>debito</span> <span class='ocrx_word' id='word_1_340' title='bbox 911 2606 1071 2653; x_wconf 81' lang='lat' dir='ltr'>prestiti</span> <span class='ocrx_word' id='word_1_341' title='bbox 1098 2607 1326 2645; x_wconf 87' lang='lat' dir='ltr'>iuramenti.</span> <span class='ocrx_word' id='word_1_342' title='bbox 1379 2606 1531 2644; x_wconf 75' lang='lat' dir='ltr'>Verum</span> <span class='ocrx_word' id='word_1_343' title='bbox 1559 2606 1594 2643; x_wconf 91' lang='lat' dir='ltr'>si</span> <span class='ocrx_word' id='word_1_344' title='bbox 1620 2615 1768 2657; x_wconf 86' lang='lat' dir='ltr'>regem</span> <span class='ocrx_word' id='word_1_345' title='bbox 1794 2604 1991 2658; x_wconf 83' lang='lat' dir='ltr'>Ungarie</span> 
     </span>
    </p>
   </div>
  </div>
 </body>
</html>
