2138 2845
1060 179 1160 218 142

182 323 467 363 remissionem
493 322 563 360 tibi
589 322 866 372 peccaminum
893 321 1067 359 intensis
1089 319 1304 359 affectibus
1330 320 1573 373 suadentes,
1599 327 1802 373 quatenus
1827 323 2034 362 discrimi-

182 403 285 430 nose
326 391 600 429 dissensionis
642 390 749 428 nulla
791 387 976 440 profecto
1026 390 1099 428 tibi
1139 388 1208 429 vel
1248 389 1316 428 alii
1358 388 1612 439 producture
1655 392 1911 444 compendia,
1959 391 2035 431 sed

181 458 400 509 dispendia
448 458 602 512 grauia
654 458 924 508 probabiliter
972 457 1160 496 adlature
1211 461 1329 496 actor
1376 457 1547 510 vulgari
1598 457 1804 497 delatione
1852 460 2035 498 describi

181 527 409 578 prudenter
442 527 618 579 euitans,
662 530 703 565 et
736 527 980 564 imminentis
1020 535 1077 563 ex
1110 524 1374 563 dissensione
1408 525 1638 564 huiusmodi
1671 527 1836 579 stragis
1868 527 2035 567 excidia

179 595 357 634 humana
390 594 534 633 saltem
576 595 863 644 compassione
904 593 943 631 in
978 591 1162 631 eiusdem
1204 592 1347 646 Regis
1380 593 1659 632 Romanorum
1699 598 1741 632 et
1772 598 1842 632 tua
1881 605 2037 634 recon-

180 663 389 701 ciliatione
431 662 669 712 precidenS,
710 662 803 713 ipsi,
853 671 970 710 quem
1011 660 1197 699 similiter
1241 661 1293 699 ad
1334 660 1413 700 hoc
1454 660 1695 700 efficacibus
1736 662 2040 702 inductionibus

181 730 463 782 exhortamur,
496 734 536 768 te
561 729 733 767 ulterius
767 728 818 766 ad
845 728 1006 779 plenum
1039 728 1317 768 reconciliare
1346 741 1426 768 non
1461 728 1643 784 differas,
1672 730 1748 769 sed
1775 734 1817 769 ut
1847 730 2040 784 regalem

180 800 352 837 animum
386 796 642 836 manifestius
671 797 879 836 exhibeas
912 800 1134 836 amatorem
1163 798 1280 848 pacis
1314 801 1354 836 et
1385 799 1612 838 concordie
1646 809 1697 837 ac
1730 799 2040 850 tranquillitatis

179 867 344 918 publice
384 869 636 905 sectatorem
677 866 876 905 celeriter
916 867 977 904 sic
1018 865 1151 905 solida
1193 866 1459 905 unanimitate
1500 868 1752 920 coniungas,
1793 867 1899 918 quod
1940 878 2042 918 pro-

178 946 370 974 cessuum
406 939 652 986 nostrorum,
687 945 791 985 quos
824 935 876 974 ad
910 935 1205 985 promotionem
1240 934 1424 973 eiusdem
1458 934 1599 988 Regis
1624 935 1902 974 Romanorum
1935 946 2041 975 con-

178 1003 415 1042 summanda
467 1003 667 1041 solemnia
716 1007 836 1053 prout
885 1003 1037 1041 utilitas
1088 1002 1250 1053 publica
1296 1003 1435 1056 exigit
1484 1003 1729 1042 continuare
1771 1003 2041 1057 disponimus,

179 1082 432 1124 quorumque
467 1071 753 1121 impedimenta
798 1072 879 1122 pati
914 1072 1188 1122 equanimiter
1228 1083 1308 1110 non
1345 1082 1574 1125 possemus,
1614 1072 1881 1121 experiamur
1912 1075 1955 1110 te
1987 1071 2041 1110 ad

178 1145 248 1180 tue
290 1140 438 1179 salutis
480 1141 664 1179 meritum
705 1144 747 1179 et
785 1138 890 1179 same
933 1141 1169 1191 preconium
1210 1151 1286 1190 per
1328 1141 1389 1179 rei
1429 1139 1679 1179 euidentiam
1718 1139 1903 1179 sedulum
1938 1151 2040 1191 pro-

180 1212 389 1248 motorem.

490 1280 519 1312 E
544 1283 715 1322 regesto
740 1279 917 1312 Berardi
943 1280 990 1311 de
1013 1281 1187 1321 Neapoli
1218 1282 1313 1321 epist.
1338 1277 1401 1311 96.
1432 1282 1463 1311 in
1492 1280 1711 1312 tabulariis
1744 1281 1970 1312 Vaticanis.
1992 1298 2037 1306 —·

593 1332 761 1363 Excusum
786 1332 873 1373 apud
898 1331 1156 1373 Raynaldum
1182 1350 1224 1354 -—
1248 1331 1286 1363 Τ.
1310 1331 1403 1363 XIV.
1430 1330 1520 1362 235.

1058 1470 1173 1512 (3111.

180 1574 371 1626 Otalcari,
404 1575 519 1625 reqis
547 1575 762 1626 Boiimiae,
787 1575 933 1614 literae
961 1576 1161 1626 patentes,
1183 1574 1278 1625 jam
1309 1573 1474 1624 pridem
1502 1572 1727 1623 eoehz'hitae,
1758 1584 1871 1612 nune
1903 1575 2038 1613 autem

179 1644 387 1695 repetitae,
431 1642 482 1681 de
522 1641 801 1681 submissione
847 1655 926 1682 sua
968 1642 1143 1682 arbitrio
1183 1642 1298 1680 sedis
1337 1642 1595 1693 apostolicae
1632 1653 1760 1693 super
1799 1642 2040 1693 quaestione

176 1713 355 1749 vertente
387 1711 493 1749 inter
519 1723 610 1749 enm
637 1714 675 1749 et
699 1710 949 1763 Rudolfum,
979 1712 1164 1749 comitem
1189 1709 1240 1749 de
1265 1709 1507 1761 Habsbury,
1541 1710 1714 1749 electum
1744 1723 1770 1749 a
1793 1709 2041 1761 quibusdam

173 1778 438 1831 principibus
477 1791 616 1830 reyem
664 1779 974 1829 Romanorum,
1018 1779 1148 1830 deque
1186 1778 1483 1831 promtitudine
1528 1790 1607 1816 sua
1652 1776 1953 1829 profiscicendi
1997 1778 2043 1817 in

237 1847 471 1886 subsidium
504 1851 642 1886 terrae
673 1850 856 1897 sanctae,
898 1847 1122 1886 dummodo
1154 1846 1262 1886 nihil
1292 1847 1458 1885 interim
1498 1849 1644 1885 conte-a
1676 1858 1722 1884 se
1753 1848 1980 1885 attentetur.

628 1916 701 1955 Dt.
736 1916 926 1967 Proque,
967 1915 1063 1955 1⁷11.
1099 1914 1203 1954 Idus
1235 1915 1398 1965 Martii,
1438 1913 1589 1955 1275.

330 2006 623 2067 sanctissimo
665 2027 704 2066 in
739 2025 910 2066 Christo
953 2026 1057 2077 patri
1098 2029 1140 2065 et
1180 2025 1341 2065 domino
1375 2037 1466 2078 suo,
1509 2024 1725 2079 Gregorio
1766 2027 2040 2064 sacrosancte

179 2094 367 2132 Romane
408 2095 592 2134 ecclesie
633 2107 785 2135 summo
826 2092 1019 2148 pontifici,
1061 2093 1333 2143 astalcarus)
1376 2093 1442 2132 dei
1483 2094 1625 2147 gratia
1661 2094 1906 2132 Boemorum
1946 2103 2040 2146 rex,

180 2162 265 2200 dux
299 2163 484 2215 Austrie,
523 2164 668 2214 Styrie
702 2168 742 2203 et
774 2163 1012 2217 Karinthie,
1054 2162 1322 2214 marchioque
1355 2162 1564 2215 Morauie,
1607 2162 1793 2201 dominus
1827 2159 2041 2215 Carniole,

178 2230 388 2280 Mai-elne,
432 2231 554 2284 Egre
594 2244 643 2271 ac
686 2236 830 2283 portus
870 2233 1047 2285 Naonis,
1089 2242 1179 2270 cum
1221 2231 1475 2283 reuerentia,
1517 2229 1669 2269 deuota
1709 2229 1856 2280 pedum
1897 2229 2041 2269 oscula

179 2298 408 2338 beatorum.
456 2299 700 2339 Sanctitatis
735 2301 892 2341 Vestre
926 2311 1123 2340 arcanum
1149 2300 1324 2350 petimus
1351 2310 1432 2338 non
1461 2299 1595 2338 latere
1621 2298 1896 2350 demtionem,
1921 2307 2038 2348 quam

180 2368 492 2420 progenitorum
533 2371 764 2406 nostrorum
805 2370 997 2419 prioritas
1038 2367 1301 2406 memoranda
1349 2368 1412 2406 sui
1465 2367 1591 2421 regni
1634 2365 1888 2416 temporibus
1927 2373 2038 2416 erga

180 2435 406 2474 Romanam
440 2434 662 2473 ecclesiam
697 2439 862 2474 matrem
896 2441 1082 2474 sanctam
1116 2434 1292 2475 fideliter
1324 2435 1469 2474 habuit
1502 2439 1544 2474 et
1572 2437 1835 2483 constanter-3
1869 2442 2037 2481 quorum

178 2504 319 2553 utique
353 2503 392 2541 in
427 2502 560 2555 nobis,
593 2507 794 2553 tamquam
829 2503 1061 2542 deuotionis
1095 2503 1228 2557 tilium,
1262 2504 1408 2543 eadem
1437 2516 1536 2543 suos
1560 2501 1749 2541 extendit
1776 2500 2037 2553 propagines

180 2571 413 2626 longiores
477 2570 661 2622 Ideoque
708 2571 821 2609 sacri
867 2572 995 2609 vestri
1037 2572 1202 2611 concilii
1244 2572 1323 2622 piis
1363 2571 1594 2610 hortatibus
1637 2567 1860 2619 promptius
1901 2567 2037 2607 allecti
