2138 2845
975 157 1079 198 203

97 302 535 344 excommunicationis
567 301 814 355 sententias,
846 298 954 340 infra
986 311 1067 340 sex
1105 299 1360 350 septimanas
1393 310 1418 337 a
1451 297 1613 349 dampni
1653 298 1737 338 dati
1768 300 1953 349 tempore

97 372 390 424 numerandas,
425 368 683 421 proferemus
724 371 765 409 in
797 380 886 423 eos,
926 369 1159 409 nullatenus
1192 366 1464 419 relaxandaS,
1505 368 1582 405 nisi
1618 367 1731 417 prius
1764 366 1866 405 lesis
1900 365 1954 405 de

99 441 285 491 dampnis
310 437 607 491 satisfecerint,
635 442 676 477 et
710 450 782 489 pro
808 438 946 477 banno
979 441 1140 477 centum
1163 436 1294 475 libras
1328 435 1581 489 Pragenses
1609 446 1775 474 camere
1808 437 1954 474 nostre

97 510 312 550 soluerint.
375 508 468 547 llec
509 507 654 546 eadem
687 507 929 558 sepedictus
969 506 1155 546 dominus
1188 508 1333 544 noster
1373 515 1451 543 rex
1484 504 1775 557 Romanorum,
1808 504 1845 542 si
1878 513 1955 554 per
1988 527 2001 534 -

97 589 198 617 suos
237 589 313 616 nos
356 581 397 615 et
439 576 568 615 nostri
610 575 763 614 turbati
805 573 1001 614 fuerimus
1046 575 1113 614 uel
1154 575 1339 628 grauati,
1387 584 1463 624 per
1512 574 1646 612 omnia
1695 572 1953 612 obseruabit.

98 645 219 695 Quod
251 647 287 684 si
321 657 401 684 non
434 643 596 697 fecerit,
631 642 775 682 fideles
808 645 915 697 eius,
955 654 1094 683 comes
1128 643 1180 682 de
1213 642 1460 695 llardegge
1500 641 1719 694 Lutoldus,
1752 642 1955 692 pincerna

99 714 287 764 Austrie,
320 713 532 752 Henricus
573 715 615 751 et
646 712 807 751 Albero
847 712 900 751 de
933 711 1200 765 Chuni-inge,
1234 709 1402 763 fratres,
1441 710 1494 750 H.
1527 711 1671 749 senior
1703 710 1756 750 de
1789 709 1954 763 XVitra,

96 785 139 821 et
180 782 232 820 H.
273 781 529 820 marscalcus
570 778 675 819 filius
723 792 838 834 suuS,
883 780 1127 820 Fridericus
1167 780 1219 819 de
1260 779 1607 832 Lieclitensteyn,
1654 779 1953 831 messouariuS,

99 848 194 889 otto
229 849 281 888 de
315 848 492 889 Guotrat
523 849 773 903 werdariuS,
805 849 974 891 Ulricus
1007 848 1059 888 de
1093 846 1265 899 Capella
1300 848 1599 901 burcgrauius,
1632 847 1697 886 La
1731 847 1954 900 intrabunt,

95 921 194 957 ante
226 915 564 957 satisfaccionem
597 918 824 969 plenariam
857 918 1008 958 abinde
1042 917 1275 956 nullatenus
1310 916 1540 956 recessuri.
1603 916 1761 955 Verum
1801 916 1837 955 si
1878 926 1955 966 per

95 997 173 1026 nos
199 987 378 1039 steterit,
405 996 484 1037 quo
499 986 630 1025 minus
654 986 768 1025 illata
793 997 868 1037 per
891 998 969 1025 nos
996 986 1143 1025 iniuria
1162 985 1275 1025 iuxta
1300 985 1458 1024 modum
1485 996 1733 1035 expressum
1758 985 1954 1036 superius

96 1058 364 1106 retractetur,
404 1058 502 1094 tunc
545 1053 688 1094 fideles
735 1056 866 1094 nostri
905 1055 1099 1094 Bauarus
1145 1053 1198 1093 de
1237 1053 1520 1106 StrachonitZ,
1564 1053 1859 1093 HarcheIebus
1900 1053 1952 1092 de

96 1122 266 1175 Dubna,
305 1122 433 1163 Smilo
481 1123 533 1163 de
573 1123 792 1177 Belchow,
832 1123 1035 1162 Albertus
1083 1122 1135 1162 de
1175 1122 1310 1175 Vren,
1353 1122 1528 1174 Bsnato,
1569 1125 1611 1160 et
1649 1122 1808 1174 Tamo,
1847 1119 1952 1160 filius

96 1191 201 1243 eius,
235 1189 476 1244 Chirninus,
515 1192 688 1244 Mucen,
723 1190 957 1245 Gerardus,
999 1191 1161 1244 Milota,
1194 1191 1423 1243 Besegge,
1464 1194 1505 1229 et
1538 1189 1588 1229 Τ.
1623 1188 1726 1229 filius
1760 1190 1952 1243 Rutenis,

95 1259 322 1310 Znoymam
356 1270 430 1309 pro
463 1259 583 1298 nobis
616 1259 841 1312 intrabunt,
875 1259 1031 1299 exinde
1063 1262 1161 1298 ante
1194 1257 1520 1298 satisfactionem
1555 1259 1781 1309 plenariam
1814 1258 1952 1297 nulla-

94 1330 217 1366 tenus
248 1327 475 1366 recessuri.
540 1327 594 1365 Et
636 1326 688 1366 de
730 1327 810 1366 hiis
850 1326 1026 1366 fideliter
1058 1326 1335 1366 obseruandis
1376 1330 1417 1365 et
1459 1328 1589 1365 eciam
1630 1325 1834 1366 faciendis
1873 1330 1954 1366 tam

93 1395 224 1446 ipsius
258 1394 407 1434 domini
440 1395 570 1434 nostri
604 1395 741 1449 regis,
776 1407 893 1447 quam
927 1397 1059 1435 nostri
1094 1394 1238 1435 fideles
1272 1396 1462 1449 predicti,
1497 1397 1768 1446 prestiterunt
1800 1406 1954 1446 corpo-

91 1463 237 1503 raliter
267 1463 549 1502 iuramentum.
591 1464 645 1503 Et
679 1464 758 1503 hec
792 1465 848 1503 ita
882 1464 1124 1518 procedent,
1158 1465 1193 1504 si
1227 1466 1267 1503 in
1301 1464 1595 1516 communibus,
1630 1469 1672 1504 ut
1705 1465 1744 1503 in
1779 1464 1950 1517 prediis,

92 1532 236 1584 spoliis
262 1533 419 1586 paruis,
445 1536 487 1571 et
511 1532 604 1571 aliis
630 1533 804 1586 minutis,
827 1536 869 1572 et
894 1545 976 1572 non
1002 1534 1041 1572 in
1066 1533 1364 1583 prIncipalibus
1384 1533 1584 1585 articulis,
1612 1545 1694 1583 pax
1720 1545 1743 1572 a
1770 1537 1953 1572 nostrum

78 1600 243 1655 aliquo,
275 1601 366 1640 siue
399 1601 570 1654 nostris,
603 1599 728 1640 fuerit
761 1601 927 1640 violata.
984 1600 1032 1642 Si
1066 1612 1169 1641 vero
1203 1602 1243 1640 in
1276 1601 1513 1653 maioribus,
1547 1604 1590 1639 ut
1622 1602 1662 1639 in
1697 1602 1951 1651 occupacio-

91 1669 212 1708 nibus
245 1669 529 1723 municionum,
569 1680 646 1707 seu
679 1673 909 1709 castrorum
948 1669 1176 1708 solennium
1217 1673 1258 1708 et
1291 1670 1530 1722 insignium,
1571 1673 1612 1708 et
1651 1669 1850 1722 similium,
1884 1670 1952 1708 vel

91 1738 304 1776 occisione
339 1749 520 1788 persone
559 1738 747 1777 solennis
780 1742 821 1777 et
853 1739 1019 1792 grauis,
1062 1749 1137 1789 per
1170 1739 1299 1788 ipsum
1340 1738 1541 1776 dominum
1584 1742 1766 1777 nostrum
1801 1749 1951 1792 regem

91 1805 383 1860 Romanorum,
425 1806 493 1846 vel
526 1807 657 1857 ipsius
698 1806 899 1860 homines,
941 1808 1057 1858 pacis
1098 1807 1311 1846 ordinacio
1350 1805 1473 1845 fuerit
1517 1807 1685 1860 violata,
1728 1818 1806 1845 nec
1846 1807 1951 1846 idem

92 1873 279 1914 dominus
326 1885 406 1914 rex
454 1875 566 1914 illata
607 1873 713 1915 infra
755 1877 968 1915 terminum
1010 1886 1255 1926 expressum
1306 1876 1500 1926 superius
1548 1875 1835 1914 emendauerit
1883 1876 1952 1914 vel

93 1944 387 1985 retractauerit
425 1944 541 1982 iuxta
574 1944 732 1984 modum
772 1956 899 1995 supra
933 1948 1127 1997 notatum,
1167 1955 1222 1983 ex
1254 1948 1351 1983 tunc
1393 1944 1649 1982 venerabilis
1683 1944 1951 1983 Patauiensis

92 2011 332 2063 episcopus,
374 2014 416 2050 et
454 2012 638 2051 illustres
678 2013 891 2063 principes
933 2013 1120 2052 dominus
1159 2012 1209 2051 L.
1252 2023 1392 2050 comes
1434 2012 1649 2051 Palatinus
1697 2013 1808 2052 Reni
1851 2012 1950 2052 Dux

92 2078 290 2131 Bauarie,
331 2083 372 2118 et
412 2079 597 2119 dominus
641 2081 707 2120 Al.
749 2081 833 2120 dux
865 2080 1070 2133 Saxonie,
1113 2091 1164 2119 ac
1204 2080 1271 2120 alii
1312 2080 1542 2134 duodecim,
1585 2092 1689 2132 quos
1730 2080 1782 2120 de
1816 2081 1948 2131 ipsius

93 2146 241 2185 domini
267 2148 395 2186 nostri
423 2149 544 2201 regis
571 2149 802 2202 comitibus,
824 2149 1046 2201 nobilibus,
1071 2153 1111 2188 et
1132 2149 1469 2188 ministerialibus
1496 2149 1632 2188 dictus
1661 2148 1950 2189 Oiomucensis

92 2215 317 2265 episcopus
357 2215 556 2269 elegerit,
597 2222 812 2267 postquam
855 2229 931 2268 per
970 2229 1047 2256 nos
1090 2218 1228 2256 moniti
1269 2216 1422 2257 fuerint
1457 2229 1532 2268 per
1572 2218 1736 2257 litteras
1770 2219 1839 2257 vel
1875 2229 1949 2269 per

91 2284 267 2322 nuncios
310 2288 490 2338 nostroS,
530 2285 819 2324 Nuremberch
860 2286 1085 2339 intrabunt,
1125 2286 1278 2325 abinde
1319 2287 1553 2326 nullatenus
1603 2288 1830 2340 recessuri,
1871 2287 1948 2325 nisi

91 2351 206 2402 prius
239 2363 315 2402 per
346 2353 476 2403 ipsum
510 2353 709 2393 dominum
743 2365 893 2408 regem
926 2355 1115 2405 plenaria
1147 2353 1389 2394 satisfaccio
1422 2355 1692 2406 impendatur.
1733 2356 1790 2395 Et
1821 2366 1950 2406 super

92 2429 143 2458 eo
178 2419 351 2471 predicti
376 2425 464 2459 tres
491 2422 701 2472 principes
735 2422 884 2461 domini
911 2424 1040 2463 nostri
1068 2424 1188 2477 regis
1212 2434 1261 2463 se
1294 2424 1371 2463 iam
1401 2423 1579 2463 dacione
1613 2423 1707 2463 {idei
1734 2428 1775 2464 et
1799 2424 1948 2463 litteris

91 2489 393 2542 astrinxerunt,
427 2493 469 2528 et
498 2490 549 2529 ad
583 2490 663 2530 hoc
691 2501 780 2530 cum
815 2492 1040 2545 principes,
1074 2494 1141 2544 qui
1175 2505 1249 2543 pro
1283 2497 1401 2544 parte
1434 2497 1579 2532 nostra
1612 2496 1708 2532 sunt
1740 2492 1947 2544 nominati,

91 2556 320 2599 iurauerint
352 2569 480 2610 super
521 2569 625 2599 casu
658 2560 872 2613 consimili,
912 2571 960 2600 se
993 2561 1209 2601 iuramenti
1243 2562 1408 2602 vinculo
1449 2562 1726 2613 corporaliter
1759 2561 1946 2613 prestito,

1627 2626 1739 2667 26³*
