2138 2845
1023 168 1125 210 158

135 309 242 358 Quid
276 310 342 349 his
366 310 587 350 aduersum
622 311 691 351 vel
717 311 926 350 diuersum
951 312 1072 351 etiam
1098 311 1176 350 nisi
1205 321 1408 362 peruerso
1436 308 1544 351 sorte
1569 312 1719 353 iudicio
1745 315 1799 355 ad
1821 327 1990 356 sensum

132 379 352 418 trahantur
394 381 555 418 omnino
596 381 846 419 contrarium
885 380 1005 419 elicis
1046 391 1102 418 ex
1142 378 1332 418 eisdem?
1395 379 1501 418 Num
1543 380 1638 431 quid
1681 382 1851 422 moleste
1883 382 1994 424 forte

131 448 273 501 tulisti,
305 449 415 488 sicut
448 449 574 489 nuntii
609 449 663 488 tui
699 448 859 488 babere
891 448 1118 488 videbatur
1150 448 1346 500 assertio,
1380 447 1489 499 quod
1523 448 1563 487 in
1596 448 1801 500 aliquibus
1833 451 1994 491 illarum

133 516 386 568 prediximus
433 518 563 557 nostri
612 528 712 557 esse
760 518 976 569 propositi,
1024 520 1067 555 ut
1115 516 1300 556 eiusdem
1343 517 1465 570 regis
1515 518 1669 557 iustitie
1716 518 1996 559 assistamus?

132 583 331 624 Profecto
376 587 412 625 si
453 586 574 626 verbi
613 586 880 624 ministerium
919 583 1191 638 attendisses,
1245 584 1325 624 hoc
1375 596 1637 637 nequaquam
1677 590 1787 625 tuum
1825 587 2000 626 animum

131 654 409 693 molestasset.
475 653 578 693 Cum
627 654 732 692 enim
774 653 929 692 iustitia
978 653 1043 693 ius
1082 665 1200 693 suum
1239 654 1462 705 unicuique
1500 654 1668 708 tribuat,
1708 654 1800 694 dum
1842 655 1997 695 iustitie

132 722 380 775 litigantium
423 723 544 760 etiam
578 722 819 760 alterutrius
863 723 1089 776 assistitur,
1123 733 1200 773 per
1240 733 1509 774 consequens
1541 723 1608 762 ius
1641 723 1863 764 cuiuslibet
1893 735 2000 763 con-

132 794 341 829 sen-natur.
392 789 484 838 Que
517 791 649 843 igitur
674 790 824 830 iniuria
857 791 897 830 in
924 790 1185 842 predictione
1218 790 1438 842 predicta?
1473 802 1553 843 que
1581 792 1622 831 in
1656 792 1721 831 his
1747 793 2000 844 suspicionis

131 857 333 899 occasio?
366 870 447 911 que
471 859 709 910 appellandi
742 871 889 913 causa,
917 860 1137 911 presertim
1170 859 1222 899 ab
1252 860 1335 913 ille,
1369 860 1437 912 qui
1470 861 1650 912 supremi
1684 860 1831 901 iudicis
1863 862 1998 901 vicem

129 939 308 982 gerens,
342 929 600 979 superiorem
642 940 725 968 non
757 929 886 969 habet
918 930 959 969 in
991 927 1151 970 terris?
1208 928 1415 981 Numquid
1447 941 1531 969 non
1562 929 1784 981 appellatio
1817 929 2000 984 gradum

129 998 284 1051 exigit,
323 1000 368 1036 ut
407 999 528 1036 etiam
572 1009 654 1037 non
695 1009 837 1049 parem
871 998 1085 1049 appellare
1125 996 1316 1051 sufficiat,
1349 997 1427 1037 sed
1468 1009 1494 1037 a
1525 998 1671 1037 minori
1712 997 1765 1037 ad
1806 998 2000 1038 maiorem

130 1069 339 1120 grauatus
372 1066 587 1116 appellet?
622 1065 728 1115 Quid
754 1067 819 1106 hic
852 1070 963 1121 tuus,
988 1065 1058 1106 vel
1093 1067 1228 1118 potius
1256 1069 1376 1117 prout
1402 1066 1683 1106 verisimiliter
1708 1068 1997 1120 presumimus,

130 1139 291 1174 tuorum
331 1135 660 1174 consiliariorum
701 1136 960 1175 inconsultus
1000 1139 1177 1175 conatus
1210 1135 1367 1189 habuit,
1406 1136 1487 1175 nisi
1519 1134 1712 1187 culpam?
1753 1135 1850 1188 quid
1883 1135 1993 1175 aliud

129 1203 210 1242 nisi
252 1203 572 1253 presumtionem
614 1203 829 1244 admodum
869 1205 1149 1257 temerariam,
1189 1208 1232 1243 et
1263 1207 1530 1258 argumenta,
1571 1208 1762 1255 pretacte
1794 1207 1864 1244 tue
1897 1215 1999 1255 pro-

130 1272 341 1311 testationi
375 1272 602 1324 contraria,
627 1273 820 1312 notabilis
847 1276 888 1312 et
920 1276 962 1312 te
989 1274 1151 1311 omnino
1178 1273 1412 1312 indecentis
1438 1273 1720 1312 lndeuotionis
1749 1271 1998 1324 expressit?

129 1339 280 1393 Porro,
321 1338 374 1379 fili
407 1336 644 1379 carissime!
687 1341 766 1380 ista
799 1342 1010 1380 materiam
1051 1341 1173 1380 multe
1205 1341 1486 1380 commotionis
1529 1342 1755 1395 ingerunt:
1795 1341 1872 1381 sed
1906 1353 1998 1381 cum

130 1409 293 1448 nesciat
324 1409 376 1448 ab
410 1409 542 1448 amico
576 1409 733 1449 caritas
767 1410 889 1448 etiam
921 1409 1012 1448 lesa
1051 1409 1274 1462 recedere,
1309 1409 1452 1460 procul
1494 1409 1618 1449 dubio
1651 1421 1734 1449 non
1767 1411 1998 1461 imprimunt

130 1476 249 1516 cordi
282 1480 438 1516 nostro.
502 1476 578 1518 Sic
620 1478 725 1516 enim
759 1488 981 1528 personam
1024 1480 1133 1516 tuam
1166 1477 1300 1517 solide
1340 1479 1528 1517 caritatis
1560 1478 1738 1517 vinculis
1778 1478 1998 1529 amplexa-

129 1557 232 1598 mur,
265 1549 309 1584 ut
342 1545 561 1598 premissa,
602 1556 682 1597 que
716 1545 853 1585 adhuc
895 1544 1082 1585 facilitati
1115 1545 1186 1584 vel
1218 1546 1389 1585 aliorum
1430 1545 1581 1585 malitie
1614 1546 1823 1586 credimus
1863 1547 1998 1597 impu-

130 1613 271 1666 tanda,
305 1613 440 1652 donec
481 1625 505 1652 a
546 1617 588 1653 te
630 1614 698 1653 illa
733 1615 1048 1665 perceperimus
1090 1624 1148 1653 ex
1188 1614 1398 1653 sententia
1439 1614 1550 1653 dicta
1593 1625 1707 1668 esse,
1748 1614 1877 1665 ipsam
1919 1625 2000 1654 nec

128 1692 298 1722 mouere
348 1680 555 1721 sufficiant
596 1693 675 1721 nec
722 1682 909 1722 turbare.
972 1683 1158 1734 Ideoque
1205 1683 1303 1722 licet
1344 1682 1490 1722 eadem
1536 1683 1592 1722 tui
1643 1684 1854 1734 potissime
1894 1694 2000 1723 con-

130 1751 394 1801 templatione
443 1750 707 1805 displiceant,
758 1762 848 1791 cum
892 1762 968 1802 per
1016 1752 1122 1805 ipsa,
1169 1751 1203 1791 si
1246 1749 1392 1791 forsan
1442 1752 1481 1790 in
1525 1762 1777 1791 communem
1816 1752 1998 1791 notitiam

130 1818 392 1872 deuenirent,
426 1823 468 1858 et
491 1817 598 1860 fama
622 1820 836 1859 lederetur
862 1824 904 1860 et
929 1824 999 1859 tuo
1027 1831 1107 1859 non
1136 1821 1335 1860 modicum
1366 1818 1498 1859 fauori
1524 1819 1813 1874 decresceret,
1846 1820 1999 1860 nihilo-

130 1889 263 1927 minus
296 1891 433 1927 tamen
468 1888 643 1928 eundem
677 1892 785 1929 tuum
819 1890 1002 1929 nuntium
1036 1890 1076 1928 in
1109 1889 1190 1928 illis
1225 1890 1434 1940 patienter
1469 1888 1702 1929 audiuimus
1727 1889 1766 1928 in
1793 1889 2000 1944 conclaui,

132 1960 174 1995 et
214 1957 254 1995 in
296 1956 460 2007 publico
505 1958 638 2008 parati
682 1969 847 1998 eramus
889 1958 1051 2011 audire,
1091 1959 1171 1997 nisi
1211 1957 1320 2009 quod
1361 1958 1453 2009 ipse
1497 1957 1726 2009 prudenter
1757 1957 1996 2012 attendens,

133 2025 240 2076 quod
274 2026 498 2065 licentiatis
540 2030 582 2066 et
614 2026 861 2066 absentibus
899 2027 1035 2066 multis
1078 2038 1134 2067 ex
1174 2028 1330 2066 nostris
1373 2025 1588 2080 fratribus,
1632 2025 1763 2066 forum
1802 2027 1998 2067 iudiciale

132 2095 438 2148 suspendimus,
473 2106 690 2147 quousque
730 2108 807 2136 nos
841 2097 882 2136 in
922 2100 1038 2136 terra
1071 2096 1256 2135 ecclesie
1289 2107 1380 2134 cum
1414 2099 1499 2135 tota
1535 2099 1682 2135 nostra
1716 2093 1848 2136 Curia
1881 2096 1999 2135 resi-

133 2162 236 2201 dere
271 2163 506 2217 contingat,
540 2176 564 2203 a
599 2166 797 2215 petitione
831 2165 997 2216 publice
1027 2165 1241 2204 audientie
1274 2164 1534 2217 supersedit,
1568 2165 1787 2215 presertim
1820 2176 1910 2204 cum
1943 2175 2000 2204 ex

132 2241 266 2270 causa
300 2233 502 2281 premissa
531 2232 761 2273 huiusmodi
794 2233 1006 2273 audientia
1031 2234 1181 2273 nullum
1215 2233 1434 2273 habuisset
1461 2232 1663 2287 ellectum,
1690 2233 1869 2272 absente
1897 2244 1997 2284 pre-

133 2300 255 2350 cipue
282 2304 400 2350 parte
434 2300 582 2354 altera,
608 2313 686 2341 nec
719 2306 885 2342 vocata.
935 2302 1004 2342 Ad
1038 2314 1112 2342 cor
1145 2303 1285 2354 itaque
1311 2303 1467 2353 inclyte
1501 2303 1698 2354 princeps
1731 2306 1996 2354 conuertere,

133 2368 369 2422 ingredere
395 2369 686 2408 consistorium
713 2371 899 2424 rationis,
928 2375 969 2411 et
998 2373 1128 2423 ipsius
1156 2375 1308 2422 pacate
1334 2371 1522 2411 consiliis
1547 2372 1842 2423 acquiescens,
1868 2369 1996 2420 patris

134 2439 351 2488 puritatem
385 2438 568 2476 attende.
619 2439 708 2477 Nos
741 2441 861 2492 enim,
894 2441 988 2493 nisi,
1022 2451 1103 2491 que
1137 2441 1372 2480 inconsulte
1404 2444 1500 2480 acta
1532 2444 1641 2492 sunt,
1676 2438 1995 2489 perseuerantia

135 2507 315 2557 patuerit
347 2507 467 2544 animi
503 2505 634 2545 fuisse
669 2507 872 2560 iudicium,
906 2520 985 2546 non
1020 2508 1270 2548 desistemus
1311 2522 1335 2548 a
1369 2510 1517 2561 ceptis,
1551 2507 1627 2546 sed
1661 2506 1856 2545 tractatui
1888 2516 1993 2544 con-

134 2575 276 2615 cordie
318 2576 425 2615 inter
464 2580 504 2615 te
546 2586 597 2615 ac
642 2586 791 2629 regem
833 2577 1061 2626 predictum
1101 2578 1218 2628 pacis
1266 2582 1440 2617 auctore
1480 2576 1624 2628 preuio
1664 2575 1726 2614 sic
1767 2572 1996 2614 efficaciter
