2138 2845
975 171 1080 212 21?

950 312 1105 354 CLVI.

97 408 272 459 Brimo,
314 409 536 460 episcopus
578 407 890 458 olomucensis,
934 408 1219 459 praepositum
1265 420 1291 446 α
1339 409 1592 446 monasterio
1643 407 1952 447 'nehemia-ensa·

100 477 158 517 ad
187 478 407 517 ecclesiam
434 478 568 516 sancta·
600 477 722 516 Petri
746 477 922 515 Brnnae
951 479 1258 527 praesentatam
1291 476 1520 528 confirmat.
1565 477 1633 515 Dl.
1668 477 1711 515 ἱη
1744 475 1953 527 Modffiice,

628 544 676 583 X
684 544 752 583 ΙἸ.
788 543 1007 583 Kalendas
1042 544 1233 595 Auyuste',
1274 543 1425 584 1278.

244 638 410 698 Bruno
443 655 509 694 dei
543 655 684 708 gratia
719 654 1005 694 Olomucensis
1040 655 1288 705 Episcopus.
1328 654 1494 694 Dilecto
1526 656 1566 694 in
1600 652 1771 694 Christo
1798 654 1952 694 Iacobo

101 725 351 776 presbytero
384 723 556 763 salutem
591 723 630 761 in
663 723 823 762 domino
857 724 1078 762 sinceram.
1131 721 1232 763 Cum
1267 723 1420 762 dilecte
1453 724 1494 762 in
1527 722 1696 764 Christo
1731 752 1740 762 .
1775 752 1784 762 .
1819 734 1956 762 vene-

100 793 244 831 rabilis
283 792 500 831 abbatissa
541 795 582 829 et
621 796 853 830 conuentus
895 792 1091 830 Ecclesie
1131 792 1184 830 de
1226 792 1452 831 thsnowiz
1491 791 1543 830 ad
1587 792 1822 831 Ecclesiam
1857 792 1958 842 ipsis

99 864 320 899 vacantem
358 861 403 898 in
439 862 576 898 monte
615 861 750 898 sancta·
790 861 912 899 Petri
950 861 994 899 in
1033 861 1227 899 Brunna.
1269 861 1308 898 in
1349 871 1430 911 qua
1470 861 1631 911 plenum
1666 861 1730 900 ius
1770 860 1958 900 obtinent

99 932 355 979 patronatus.
394 932 436 967 te
468 928 588 967 nobis
629 930 978 978 presentauerint.
1020 933 1214 978 petentes
1257 932 1300 967 vt
1333 929 1403 968 tibi
1445 929 1592 968 donum
1632 930 1884 969 investiture
1917 932 1960 968 et

99 997 512 1035 amministracionem
546 997 813 1046 spiritualium
847 995 1132 1036 fauorabiliter
1165 997 1403 1035 concedere
1436 1008 1692 1036 curaremus.
1740 998 1830 1036 Nos
1864 997 1961 1048 quia

99 1068 141 1104 te
174 1065 345 1118 dignum
386 1069 427 1104 et
458 1065 662 1115 ydoneum
703 1066 933 1104 invenimus
974 1065 1024 1104 ad
1059 1064 1289 1104 huiusmodi
1330 1065 1574 1104 beneficium
1607 1065 1883 1105 obtinendum.
1917 1068 1960 1104 te

99 1133 152 1172 ad
196 1133 370 1172 eandem
419 1133 668 1172 Ecclesiam.
708 1135 748 1172 in
788 1139 934 1173 sancto
975 1134 1102 1172 Petro
1144 1134 1183 1172 in
1224 1134 1408 1172 Brunna.
1447 1134 1698 1172 auctoritate
1739 1133 1951 1173 ordinaria

97 1200 395 1241 confirmamus.
428 1213 568 1240 curam
601 1203 825 1240 animarum
859 1206 900 1241 et
923 1202 1335 1241 amministracionem
1368 1202 1640 1252 spiritualium
1671 1202 1742 1241 tibi
1774 1202 1952 1241 nichilo-

97 1270 229 1308 minus
268 1267 549 1307 conferentes.
591 1273 636 1308 vt
674 1270 715 1308 in
754 1280 806 1308 ea
845 1270 1088 1320 temporalia
1130 1273 1172 1309 et
1210 1270 1441 1320 spiritualia
1483 1270 1616 1309 libere
1663 1270 1958 1309 amministres.

98 1336 248 1375 Datum
283 1338 322 1375 in
356 1336 534 1375 Modriz.
567 1348 675 1376 anno
710 1336 857 1376 domini
891 1338 1112 1377 Millesimo
1147 1335 1237 1378 CC.
1263 1338 1402 1378 Lxx.
1426 1338 1543 1378 V111.
1586 1338 1707 1378 XVI.
1731 1338 1953 1378 Kalendas

98 1404 283 1459 augusti.
317 1415 394 1455 per
425 1416 585 1444 manum
618 1405 816 1444 Iohannis
849 1407 998 1445 notarii
1033 1407 1178 1445 nostri.

406 1503 460 1535 Ex
483 1503 674 1544 originali
699 1506 885 1536 monasterii
909 1505 1246 1537 Tisnowicensis
1271 1515 1342 1537 cum
1367 1505 1475 1547 sigillo
1499 1507 1639 1548 integro.

941 1669 1117 1711 CLVII.

97 1772 328 1824 Rndolfas,
364 1774 652 1813 Romanorum
686 1785 780 1823 rer,
815 1774 971 1812 cit-itali
999 1773 1270 1813 olomucensi
1288 1774 1398 1826 jura
1430 1776 1469 1813 el
1490 1773 1698 1814 libertates
1730 1785 1958 1814 concessas

99 1840 330 1892 confirmat,
362 1843 563 1892 noi-isque
595 1844 729 1892 anqet.
793 1842 865 1881 Dl.
908 1843 952 1881 in
985 1843 1137 1881 castris
1169 1842 1286 1893 apud
1322 1843 1546 1894 Iwaneice,
1589 1842 1695 1882 XII.
1729 1842 1957 1883 Kalendas

836 1909 1042 1961 Octobris,
1083 1910 1236 1951 1278.

239 2000 470 2060 Rudolfus
513 2019 579 2059 dei
622 2021 775 2073 gracia
816 2021 1093 2060 Romanorum
1132 2021 1231 2060 Rex
1270 2032 1437 2072 semper
1469 2025 1692 2075 augustus.
1758 2021 1958 2063 Omnibus

98 2087 263 2137 Imperii
305 2088 478 2126 Romani
519 2087 708 2127 fidelibus
758 2090 1066 2139 imperpetuum.
1130 2090 1308 2128 Dilectis
1349 2089 1536 2129 fidelibus
1579 2092 1733 2130 nostris
1779 2089 1956 2131 Ciuibus

102 2154 443 2205 Olmuzensz'bu-s,
478 2157 544 2206 qui
577 2168 625 2195 se
659 2157 789 2209 ipsos⁷
815 2161 856 2196 et
889 2156 1108 2197 Ciuitatem
1135 2162 1291 2211 nostre,
1325 2163 1366 2197 et
1400 2159 1574 2198 Romani
1607 2160 1771 2209 Imperii
1806 2159 1957 2199 dicioni

100 2227 180 2262 tam
214 2223 457 2275 liberaliter,
477 2235 595 2274 quam
622 2223 797 2263 fideliter
823 2224 1107 2278 subiecerunt7
1135 2226 1316 2280 Regalis
1342 2229 1494 2280 gracie
1517 2227 1808 2277 plenitudinem
1837 2228 1960 2278 plene

98 2292 356 2344 contulimus,
383 2303 541 2343 eosque
575 2294 615 2331 in
648 2298 828 2332 nostrum
855 2291 1040 2332 fauorem
1065 2294 1312 2348 collegimus
1336 2296 1574 2346 specialem.
1616 2297 1671 2335 Et
1697 2300 1740 2335 ut
1773 2300 1959 2347 prompta

99 2371 240 2400 eorum
279 2361 453 2400 deuocio
494 2362 585 2400 aliis
629 2363 682 2401 sit
724 2362 969 2416 exemplum,
1007 2362 1059 2402 ad
1093 2364 1223 2402 sinum
1263 2368 1407 2404 nostre
1451 2365 1679 2404 clemencie
1713 2363 1959 2404 fiducialiter

98 2430 365 2481 transeundi3
413 2430 504 2468 Nos
547 2431 746 2481 predictis
780 2429 955 2471 Ciuibus
996 2443 1139 2471 omnes
1171 2434 1349 2486 gracias
1387 2433 1606 2473 libertates
1653 2437 1695 2472 et
1735 2435 1839 2485 iura7
1881 2444 1956 2472 seu

100 2497 243 2548 predia
276 2498 342 2536 uel
378 2499 689 2552 possessiones,
723 2510 803 2549 que
836 2499 903 2538 uel
937 2511 1056 2553 quas7
1089 2512 1111 2539 a
1146 2501 1354 2551 quondam
1389 2501 1616 2541 Ollaclfaro
1647 2514 1747 2551 resse
1771 2502 1959 2547 Boemie,

98 2566 163 2604 uel
198 2567 286 2605 suis
321 2568 680 2621 progenitoribus⁷
713 2578 846 2618 usque
879 2567 930 2607 ad
965 2568 1043 2607 hec
1076 2572 1261 2620 tempora
1295 2574 1530 2625 tenuerunt7
1565 2574 1654 2609 rata
1685 2570 1883 2607 habemus
1918 2571 1960 2607 et

1679 2638 1747 2675 28
