2138 2845
956 169 1053 209 341

84 323 221 353 rerum
259 322 337 352 sua
376 322 460 351 non
501 311 654 363 poterit
692 311 838 351 iterum
878 310 1056 362 pecunia
1097 319 1358 362 comparere,
1402 308 1668 363 indulgemus
1711 308 1858 363 eidem,
1899 312 1944 350 vt

84 381 195 422 aliud
228 380 499 421 molendinum
533 381 621 420 suis
654 379 881 430 sumptibus
921 381 1170 417 construere
1210 378 1353 417 valeat
1394 378 1462 417 ubi
1504 378 1583 417 sibi
1617 378 1828 418 videbitur
1861 389 1943 417 ex-

83 450 245 504 pedire,
278 450 438 501 absque
464 449 692 500 preiudicio
723 448 915 487 ciuitatis.
966 447 1012 485 ln
1037 457 1205 498 quarum
1231 444 1524 485 ratificacionis
1554 450 1595 486 et
1622 445 1943 486 confirmationis

83 522 316 559 nostrarum
353 518 623 557 testimonium
664 520 705 556 et
744 516 870 556 robur
910 517 950 554 in
992 519 1118 554 antea
1158 515 1396 554 duraturum
1446 525 1625 566 presens
1675 514 1941 568 priuilegium

84 586 272 638 predicto
305 587 357 625 H.
383 585 506 625 iudici
535 588 576 625 et
609 585 696 624 suis
721 584 948 624 heredibus
983 584 1168 623 dedimus
1200 584 1432 638 sigillorum
1460 586 1692 622 nostrorum
1724 584 1942 622 munimine

83 655 333 694 roboratum.
396 655 548 694 Datum
588 658 686 704 aput
728 653 924 693 olomucz
964 664 1040 703 per
1078 664 1224 692 manus
1265 652 1458 706 magistri
1500 651 1699 691 Iohannis
1741 651 1943 702 prepositi

85 723 322 764 Zaccensis
369 722 669 774 prothonotarii
710 722 918 762 MorauIe.
1000 722 1125 761 Anno
1173 720 1323 760 domini
1372 720 1584 760 millesimo
1636 716 1726 761 CC.
1759 719 1946 760 LXXX.

87 792 274 843 septImo.
306 791 438 831 tercio
471 790 570 830 Idus
603 790 812 831 Octobris.

397 889 451 922 Ex
475 889 668 932 originali
692 888 876 931 ejusdem
900 890 1054 922 civitatis.

909 1054 1125 1098 CCLXn.

84 1157 203 1197 Idem
228 1158 448 1211 confirmat
469 1158 667 1211 hospitale·
687 1159 905 1211 Proyensz'
931 1160 1242 1212 cruciferorum
1265 1170 1359 1198 cum
1384 1157 1512 1197 rubea
1533 1158 1653 1197 stella
1675 1157 1946 1210 privilegium

82 1228 219 1280 patris
251 1228 319 1267 sui
352 1227 552 1278 Premysl
589 1227 639 1266 ab
672 1239 784 1267 anno
819 1228 963 1267 1252,
1007 1239 1134 1279 super
1171 1227 1511 1279 praeposituram
1552 1227 1688 1266 sancta·
1726 1225 1947 1277 Hippolyti

151 1297 191 1334 et
219 1296 305 1335 alia
338 1295 444 1335 bona
476 1297 520 1335 in
551 1296 763 1335 ,norat-ta.
829 1296 901 1335 Dt.
934 1295 1125 1346 Proque,
1166 1295 1238 1335 Vl,
1271 1294 1378 1334 Idus
1414 1293 1675 1344 Decembris,
1716 1291 1869 1334 1287.

193 1387 539 1459 Wenceslaus,
572 1405 638 1445 dei
661 1406 815 1459 gracIa
849 1417 929 1444 rex
954 1406 1126 1445 Boemie
1160 1410 1203 1446 et
1235 1406 1417 1446 marchio
1444 1405 1654 1459 Morauie,
1682 1404 1735 1444 ad
1759 1406 1944 1443 eternam

82 1476 146 1516 rei
177 1475 424 1516 memoriam.
487 1473 590 1516 Cum
633 1475 834 1514 celestem
877 1475 1091 1529 dominum,
1135 1487 1158 1514 a
1194 1486 1273 1527 quo
1313 1475 1472 1515 terreni
1513 1474 1642 1528 regni
1682 1472 1946 1525 possidemus

82 1543 242 1597 solium,
286 1542 512 1596 honorare,
562 1546 604 1582 et
644 1543 804 1597 largita
849 1554 1023 1583 munera
1071 1543 1299 1583 debeamus
1345 1543 1399 1583 ad
1446 1543 1509 1582 sui
1550 1543 1724 1582 nominis
1763 1542 1945 1596 gloriam

83 1623 304 1665 reuocare,
349 1622 550 1663 nusquam
589 1611 669 1650 hoc
717 1611 863 1651 melius
905 1612 1164 1666 exequimur,
1216 1623 1335 1663 quam
1382 1612 1418 1651 si
1466 1623 1630 1651 sacram
1678 1611 1945 1664 religionem,

83 1680 302 1732 presertim
336 1691 361 1718 a
393 1680 549 1718 nostris
583 1679 804 1730 plantatam
833 1679 1191 1734 progenitoribus,
1225 1679 1415 1734 benigno
1441 1679 1774 1733 propagacionis
1808 1678 1944 1717 studio

81 1748 311 1802 foueamus,
345 1750 387 1787 et
418 1749 567 1787 cultum
601 1748 779 1787 diuinum
820 1748 982 1786 interne
1016 1747 1260 1787 deuocionis
1294 1748 1512 1788 affectibus
1552 1760 1642 1787 cum
1676 1747 1945 1787 exhibicione

84 1817 224 1858 debite
256 1817 507 1856 reuerencie
548 1817 780 1855 atollamus.
845 1815 1035 1855 Vidimus
1076 1819 1211 1856 autem
1252 1817 1520 1871 priuilegium
1559 1816 1769 1856 karissimi
1813 1816 1944 1867 patris

82 1886 228 1939 nostri,
262 1884 465 1937 quondam
505 1884 654 1924 domini
691 1884 881 1938 Premisl,
922 1885 1038 1924 clare
1081 1886 1274 1925 memorie
1315 1887 1437 1940 regis
1477 1885 1662 1939 Boemie,
1695 1895 1943 1924 concessum

83 1953 301 2007 religiosis
335 1954 451 2007 viris,
485 1954 691 2006 magistro
734 1956 776 1993 et
807 1951 1007 1992 fratribus
1046 1956 1088 1992 et
1120 1953 1252 1992 ordini
1293 1953 1514 2004 hospitalis
1553 1954 1688 1993 sancti
1720 1952 1943 1992 Francisci

82 2021 135 2061 de
168 2021 332 2075 Praga,
367 2032 447 2060 non
482 2022 687 2075 viciatum,
722 2033 803 2060 non
836 2021 1125 2075 cancellatum,
1160 2033 1241 2060 non
1274 2021 1480 2074 abolitum,
1515 2024 1556 2060 et
1589 2022 1750 2061 omnino
1784 2021 1942 2060 illesum

84 2092 127 2129 et
165 2090 460 2142 incorruptum,
502 2090 618 2128 veris
657 2090 813 2144 sigillis
857 2089 951 2129 dIcti
997 2091 1126 2140 patris
1168 2092 1296 2130 nostri
1345 2091 1571 2144 signatum,
1613 2089 1666 2129 de
1713 2089 1847 2129 verbo
1888 2089 1941 2129 ad

86 2157 258 2198 verbum
296 2158 374 2197 sub
415 2158 494 2197 hoc
534 2162 682 2198 tenore
729 2159 1020 2209 conscriptum.
1083 2159 1136 2197 In
1181 2159 1347 2198 nomine
1392 2158 1551 2197 domini
1595 2158 1742 2197 nostri.
1792 2158 1939 2197 Amen.

82 2227 173 2266 Nos
207 2225 459 2277 Otaclmrus,
492 2228 559 2278 qvi
591 2230 629 2265 et
658 2226 879 2266 Premizl.
899 2227 1105 2266 ..Actum
1137 2228 1176 2265 et
1205 2226 1345 2265 datum
1377 2224 1493 2278 apud
1528 2226 1698 2277 Znoym
1724 2254 1762 2264 ..
1790 2225 1938 2265 1252.

84 2294 219 2345 (Vide
254 2295 370 2334 Tem.
405 2294 491 2333 ΙΙΙ.
524 2307 564 2333 n.
599 2294 925 2342 CLXXVIII.)
988 2295 1196 2334 Volentes
1231 2295 1370 2346 itaque
1411 2294 1544 2333 dictos
1578 2292 1723 2333 fideles
1756 2297 1940 2345 nostros,

82 2363 328 2417 magistrum
362 2366 403 2402 et
434 2360 589 2402 fratres
622 2363 838 2413 hospitalis
872 2360 1022 2414 prefati
1056 2362 1285 2402 huiusmodi
1318 2362 1534 2403 beneficiis
1567 2370 1610 2403 et
1640 2364 1805 2417 graciis
1838 2363 1940 2413 ipsis

83 2435 126 2471 et
165 2431 296 2471 ordini
337 2442 413 2470 suo
455 2442 530 2482 per
568 2435 828 2471 memoratum
870 2432 1107 2485 genitorem
1147 2436 1327 2471 nostrum
1367 2432 1484 2473 modo
1525 2433 1728 2485 premisso
1777 2431 1939 2471 collatis

84 2504 287 2551 perpetuo
336 2501 426 2539 iure
468 2500 678 2554 gaudere,
719 2501 944 2539 vniuersas
987 2500 1256 2555 donaciones,
1297 2501 1529 2556 libertates,
1578 2501 1847 2541 exemciones
1895 2502 1938 2538 et

85 2568 320 2609 imunitates
346 2569 552 2621 quaslibet
572 2569 610 2609 in
636 2569 822 2609 omnihus
848 2573 889 2609 et
913 2569 1096 2625 singulis
1116 2569 1251 2624 bonis,
1276 2571 1618 2622 possessionibus
1639 2571 1681 2610 et
1706 2566 1935 2608 hominibus
