2138 2845
995 193 1090 233 111

117 335 316 376 Omnibus
350 341 587 387 presentem
622 335 818 388 paginam
853 334 1119 386 inspecturis,
1154 333 1193 371 in
1221 335 1474 384 perpetuum.
1515 331 1630 370 Pium
1664 334 1730 370 est
1763 334 1805 370 et
1837 331 1972 370 bone-

115 406 220 443 stum
259 414 310 443 ac
349 408 678 442 consentaneum
720 403 884 456 rationi,
923 406 967 442 ut
1005 413 1175 454 quorum
1216 400 1449 440 deuotionis
1489 400 1750 451 constancia,
1791 396 1970 450 fideique

116 472 276 523 puritas
316 476 395 511 tam
429 472 712 523 probabilibus
756 471 1032 525 argumentis,
1073 481 1191 521 quam
1234 470 1350 508 ueris
1389 468 1576 519 experiri
1619 471 1756 518 potest
1796 467 1974 521 indiciis,

117 551 257 580 eorum
290 541 464 591 speciali
493 542 770 594 prerogatiua
803 539 960 579 fauoris
986 543 1028 578 et
1054 539 1197 593 gratie
1231 541 1456 576 coronetur
1482 535 1674 589 fidelitas,
1706 540 1750 576 ut
1775 536 1842 575 ubi
1870 534 1975 575 fides

117 612 185 649 est
216 620 291 661 per
323 610 464 660 operis
497 609 746 648 euidentiam
779 609 833 647 ibi
868 607 1214 648 remunerationis
1247 605 1497 659 dignissime
1531 606 1727 656 premium
1760 605 1814 643 sit
1846 615 1975 654 para-

117 682 212 731 tum,
260 678 478 729 ceterique
517 677 696 728 ipsorum
738 676 929 728 exemplo
974 675 1026 715 ad
1076 675 1309 714 deuotionis
1356 678 1398 713 et
1445 671 1654 712 fidelitatis
1699 672 1976 712 constantiam

117 744 266 785 fortius
299 745 536 784 inuitentur.
585 743 688 785 Cum
721 744 853 798 igitur
885 744 1142 783 venerabilis
1175 744 1215 782 in
1249 741 1418 782 Christo
1452 745 1572 792 pater
1604 741 1790 781 dominus
1822 741 1976 779 Bruno

119 815 342 865 episcopus
391 812 684 852 olomucensis
734 812 785 852 ad
828 813 1025 852 honorem
1067 816 1107 851 et
1151 811 1363 850 utilitatem
1406 810 1591 849 ecclesie
1639 820 1716 848 sue
1758 806 1975 848 indefessa

116 881 392 921 sollicitudine
435 881 665 934 diligenter
705 881 941 934 intendens,
982 884 1130 919 statum
1165 880 1255 918 eius
1297 878 1446 930 quibus
1480 881 1618 929 potest
1651 875 1975 928 promotionibus

118 949 342 1004 erigendo,
376 950 566 989 militibus
609 953 649 988 et
683 947 841 988 famulis
881 951 983 1002 suis,
1019 950 1087 1000 qui
1125 942 1219 987 tam'
1245 947 1365 986 nobis
1407 947 1446 985 in
1489 944 1736 986 defensione
1769 948 1974 984 terrarum

115 1022 365 1068 nostrarum,
399 1017 519 1057 etad
554 1017 830 1057 resistendum
857 1018 1029 1056 inimicis
1062 1017 1232 1067 nostriS,
1264 1027 1383 1066 quam
1417 1015 1547 1053 eciam
1581 1015 1659 1064 ipsi
1688 1013 1847 1052 domino
1882 1013 1975 1063 epi-

117 1097 261 1140 scopo,
295 1086 415 1125 nobis
455 1097 622 1137 semper
662 1086 853 1137 exposito
895 1090 937 1124 et
969 1087 1128 1137 parato,
1168 1084 1245 1122 iam
1285 1082 1420 1121 multis
1463 1083 1685 1120 retroactis
1723 1081 1976 1131 temporibus

117 1166 199 1194 non
231 1155 324 1194 sine
363 1155 531 1208 magnis
564 1154 779 1192 laboribus
821 1156 863 1192 et
896 1164 1167 1204 personarum
1209 1150 1407 1201 periculis
1450 1147 1625 1188 fideliter
1664 1150 1903 1188 seruierunt
1935 1151 1977 1186 et

115 1223 306 1262 seruiunt
344 1223 625 1274 incessanter,
666 1221 718 1259 de
758 1221 880 1260 bonis
920 1224 962 1259 et
1003 1219 1346 1270 possessionibus
1387 1217 1713 1268 episcopalibus,
1753 1216 1976 1266 unicuique

116 1292 232 1330 iuxta
277 1301 443 1329 suorum
483 1289 743 1342 exigentiam
784 1288 1089 1340 obsequiorum,
1137 1287 1300 1325 nomine
1339 1284 1449 1324 feodi
1489 1285 1598 1324 bona
1639 1285 1806 1323 duxerit
1839 1284 1977 1335 aliqua

116 1357 388 1410 conferenda,
422 1358 545 1408 pleno
585 1356 752 1408 capituli
785 1357 849 1396 sui
889 1356 1124 1396 accedente
1165 1365 1399 1406 consensu3
1439 1354 1530 1392 Nos
1571 1353 1892 1392 considerantes
1936 1354 1977 1390 et

118 1427 280 1478 plenius
312 1426 597 1479 aduertenteS,
638 1425 745 1477 quod
780 1425 913 1464 eidem
953 1424 1138 1464 ecclesie
1172 1422 1436 1463 Olomucensi
1475 1433 1558 1461 non
1598 1421 1783 1461 modicus
1823 1421 1865 1459 in
1896 1419 1977 1458 hoc

116 1494 226 1536 facto
261 1493 473 1546 profectus
506 1499 548 1534 et
579 1494 714 1533 honor
745 1493 969 1547 accrescit,
1002 1492 1194 1545 quodque
1235 1492 1422 1531 dominus
1455 1491 1597 1530 Bruno
1638 1491 1863 1541 episcopus
1896 1493 1976 1528 tam

114 1575 191 1616 per
236 1564 478 1603 industriam
524 1575 654 1616 suam,
701 1573 820 1613 quam
867 1572 943 1612 per
989 1566 1171 1600 nostram
1218 1561 1348 1600 eciam
1397 1560 1665 1613 largitionem
1709 1558 1976 1599 Olomucensi

116 1633 315 1685 ecclesie,
355 1632 421 1671 cui
461 1631 641 1670 libenter
682 1635 724 1670 et
762 1630 1005 1682 liberaliter,
1045 1629 1185 1668 diuine
1227 1629 1573 1668 remunerationis
1613 1628 1774 1679 intuitu,
1814 1636 1976 1676 sueque

116 1701 351 1741 deuotionis
385 1705 426 1740 et
451 1698 660 1739 fidelitatis
693 1699 878 1752 obtentu,
901 1699 1144 1738 contulimus
1177 1701 1219 1737 et
1243 1697 1485 1736 donauimus
1512 1695 1700 1747 oppidum
1735 1695 1786 1734 de
1813 1694 1976 1744 Hullyn

121 1781 211 1809 cum
245 1769 433 1809 omnibus
467 1770 554 1808 suis
583 1768 844 1819 pertinentiis
877 1772 919 1806 ut
944 1768 986 1807 in
1019 1767 1100 1806 alio
1130 1767 1356 1820 priuilegio
1390 1765 1485 1804 inde
1510 1762 1700 1803 consecto
1726 1763 1975 1814 continetur,

119 1837 296 1891 plenius,
328 1838 584 1888 temporibus
611 1838 698 1876 suis
731 1837 839 1876 bona
866 1836 1035 1887 plurima
1060 1835 1323 1886 conquisiuit.
1371 1834 1501 1873 'Pales
1535 1833 1656 1872 etiam
1685 1833 1752 1883 qui
1786 1831 1976 1870 militaria

119 1906 239 1945 nobis
272 1910 461 1957 prestent
493 1906 695 1957 obsequia
726 1918 799 1956 pro
834 1903 1078 1944 defensione
1110 1908 1314 1943 terrarum
1340 1907 1572 1941 nostrarum
1607 1903 1647 1939 et
1681 1899 1734 1939 ad
1767 1899 1977 1938 resisten-

118 1972 210 2013 dum
249 1974 507 2013 aduersariis
546 1975 700 2014 nostris
733 1979 776 2013 ut
814 1974 1010 2024 temporis
1050 1972 1240 2011 condicio
1283 1971 1494 2021 presentis
1534 1969 1741 2021 exposcit,
1782 1967 1975 2006 volentes

118 2041 279 2081 habere
311 2043 524 2081 mansione
553 2043 689 2081 stabili
724 2040 829 2081 infra
864 2042 1027 2080 dominii
1057 2041 1187 2079 nostri
1222 2043 1326 2091 rete,
1351 2049 1599 2077 consensum
1631 2040 1815 2076 nostrum
1848 2046 1976 2086 super

117 2107 466 2149 infeodationibus
499 2110 728 2149 huiusmodi
761 2108 1047 2148 fauorabiliter
1080 2112 1122 2147 et
1154 2107 1384 2146 liberaliter
1410 2106 1668 2145 adhibemus.
1711 2106 1766 2144 Et
1798 2108 1841 2144 ut
1875 2115 1975 2154 pre-

121 2176 194 2217 fati
228 2179 373 2218 milites
415 2190 464 2217 ac
499 2177 648 2231 famuli,
689 2189 852 2217 necnon
886 2182 927 2216 et
960 2176 1144 2216 heredes
1185 2177 1248 2214 sui
1289 2175 1487 2214 (lictorum
1528 2172 1740 2213 feodorum
1782 2176 1902 2224 prout
1935 2172 1975 2210 in

118 2247 355 2300 priuilegiis
389 2247 574 2297 episcopi
609 2250 651 2285 et
682 2246 848 2296 capituli
884 2245 1186 2297 olomucensis,
1220 2244 1299 2283 sibi
1332 2244 1565 2297 concessis,
1599 2241 1763 2293 plenius
1797 2245 1863 2280 est
1895 2251 1974 2279 ex-

119 2326 324 2368 pressum,
366 2315 502 2354 stabili
542 2320 585 2354 et
626 2320 828 2365 perpetua
868 2314 1088 2368 gaudeant
1128 2312 1315 2353 firmitate
1356 2313 1521 2363 ipsique
1554 2315 1596 2351 et
1628 2322 1768 2350 eorum
1803 2310 1974 2362 posteri,

122 2384 190 2436 qui
232 2385 274 2422 in
322 2384 442 2423 bonis
482 2383 639 2422 eisdem
688 2381 921 2422 feodalibus
968 2382 1020 2421 de
1060 2383 1149 2421 iure
1199 2381 1500 2433 successerint,
1549 2380 1749 2430 episcopo
1791 2379 1857 2429 qui
1902 2389 1974 2427 pro

123 2456 309 2503 tempore
342 2451 467 2491 fuerit
506 2456 546 2491 et
589 2451 772 2490 ecclesie
807 2450 1069 2491 Olomucensi
1110 2450 1323 2501 obsequiis
1363 2449 1605 2488 militaribus
1650 2451 1851 2499 perpetuo
1894 2447 1975 2484 sint

121 2521 295 2574 astricti,
336 2521 425 2560 Nos
460 2520 692 2559 adicientes
715 2519 973 2558 celsitudinis
999 2524 1142 2558 nostre
1167 2518 1307 2571 robur,
1336 2517 1443 2569 quod
1469 2529 1545 2568 per
1576 2516 1750 2556 eundem
1774 2514 1972 2554 dominum

127 2590 362 2630 Brunonem
402 2590 639 2641 episcopum
678 2594 718 2628 et
757 2588 974 2639 capitulum
1016 2599 1131 2627 suum
1170 2588 1211 2627 in
1251 2586 1332 2627 hac
1374 2590 1494 2638 parte
1536 2584 1685 2625 factum
1726 2588 1803 2636 est,
1845 2587 1971 2621 ratum
