2138 2845
1074 190 1179 231 398

199 334 319 373 etiam
352 332 564 372 tabernam
596 331 781 384 liberam,
814 332 1024 385 pistorem,
1056 328 1291 371 carnificem
1325 330 1366 369 in
1392 329 1579 369 omnibus
1610 329 1780 386 liberos,
1811 331 1969 373 fabrum
2002 335 2045 373 et

199 407 392 440 sutorem.
435 397 641 440 Confirmo
666 399 800 439 eidem
834 400 1020 451 predicto
1044 399 1168 438 iudici
1201 399 1268 438 uel
1292 400 1379 437 suis
1413 398 1592 449 posteris
1624 397 1678 437 de
1704 398 1852 439 iudicio
1883 401 2045 440 tertium

199 468 426 521 denarium,
452 478 697 519 quocunque
719 469 880 508 nomine
905 472 1171 520 censeantur7
1190 471 1231 507 et
1250 467 1445 506 denarios
1464 466 1516 505 de
1541 466 1794 505 iuramentis.
1826 465 2046 522 Confirmo,

199 539 244 575 ut
276 536 429 576 habeat
462 536 688 587 plenariam
720 537 951 576 libertatem
993 537 1032 575 in
1066 535 1222 575 eisdem
1261 536 1380 575 bonis
1414 534 1616 588 piscandi,
1655 534 1836 574 uenandi
1867 535 2048 576 minores

200 604 329 658 feras,
363 608 404 644 et
436 605 617 644 uolatilia
651 604 856 655 capiendi.
921 603 1142 658 Confirma,
1181 607 1225 644 ut
1256 604 1412 643 habeat
1450 603 1611 654 plenum
1644 604 1709 642 ius
1743 603 2050 644 Lubczicense.

199 672 312 713 Idem
355 673 568 724 predictus
611 672 738 711 iudex
776 673 844 712 uel
886 674 949 713 sui
991 674 1148 725 posteri
1189 674 1231 712 in
1271 673 1555 724 prenominata
1594 672 1692 712 uilla
1730 672 1826 712 mihi
1864 672 2051 724 meisque

199 741 522 780 successoribus
555 741 676 780 annis
708 741 891 794 singulis
924 741 1135 781 tenebitur
1174 742 1214 780 in
1247 751 1378 780 censu
1412 740 1686 794 respondere,
1717 741 1881 780 scilicet
1911 740 1976 780 bis
2007 740 2049 779 in

199 820 329 862 anno3
363 810 529 860 primam
557 807 728 847 mediam
752 820 930 849 marcam
955 810 995 848 in
1020 807 1129 849 festo
1154 809 1264 848 beati
1291 808 1412 862 Galli,
1431 809 1657 849 secundam
1681 809 1854 849 mediam
1872 819 2052 849 marcam

199 878 242 917 in
269 876 375 918 festo
400 877 675 928 apostolorum
698 877 877 929 Philippi
904 881 944 917 et
967 878 1124 917 lacobi.
1165 877 1372 917 Preterea
1398 876 1505 917 idem
1527 877 1654 917 iudex
1674 877 1742 917 uel
1768 878 1832 917 sui
1856 875 2052 917 subsides

201 946 362 986 domino
393 946 444 985 de
477 957 586 986 anno
619 946 672 985 ad
696 958 845 986 annum
878 947 918 986 in
943 947 1069 986 nihilo
1093 946 1184 998 plus
1208 946 1461 986 tenebuntur
1484 946 1758 999 respondere.
1797 947 1892 987 Hec
1915 947 2052 985 autem

201 1015 365 1055 collatio
392 1013 503 1055 firma
531 1020 572 1054 et
597 1015 759 1054 stabilis
785 1019 963 1067 maneat,
991 1026 1067 1066 per
1090 1026 1268 1066 presens
1293 1015 1489 1066 scriptum
1514 1018 1556 1054 et
1575 1013 1708 1069 sigilli
1732 1014 1810 1054 mei
1836 1013 2053 1054 munimine

200 1081 274 1123 suit
312 1083 411 1122 utile
454 1083 703 1122 roboratum.
766 1083 901 1122 Huius
941 1088 1078 1123 autem
1117 1083 1179 1122 rei
1219 1086 1352 1122 testes
1391 1087 1508 1122 sunt:
1550 1083 1751 1123 Dominus
1782 1082 1966 1122 Milicius
1998 1079 2054 1121 de

201 1151 365 1192 Cetow.
412 1152 559 1191 Bobuz
592 1152 708 1191 miles
741 1151 889 1191 domini
931 1151 1080 1191 Vlrici.
1128 1151 1352 1204 Gerlacus,
1392 1151 1595 1203 plebanus
1637 1152 1690 1192 de
1729 1150 1826 1191 uilla
1869 1148 2053 1190 Gerlaci.

199 1220 415 1273 Nicolaus,
451 1220 653 1271 plebanus
688 1220 739 1259 de
773 1220 990 1260 Dirnauia.
1024 1217 1236 1274 Clemens7
1269 1220 1397 1260 iudex
1430 1220 1482 1260 de
1516 1218 1743 1260 Clementis
1774 1219 1887 1259 uilla.
1919 1217 2053 1257 Hart-

201 1290 323 1344 libus,
348 1290 473 1328 iudex
506 1289 558 1328 de
585 1289 914 1330 Stacliinwalde.
948 1290 1103 1329 Paulus
1137 1288 1240 1329 filius
1264 1289 1438 1328 Henrici
1466 1289 1519 1328 de
1543 1288 1723 1343 lglauia.
1756 1285 2053 1339 Hartmundus,

202 1358 309 1398 ciuis
342 1359 382 1397 in
406 1358 580 1397 Fulnek.
613 1357 756 1398 Sobel<
792 1359 830 1396 in
859 1357 1032 1409 Gylobs.
1067 1358 1219 1397 Datum
1251 1369 1362 1398 anno
1394 1357 1541 1397 domini
1573 1356 1636 1396 Μ.
1655 1353 1745 1398 CC.
1776 1355 2054 1410 nonagesimo

203 1427 277 1466 111.
312 1425 470 1475 Quarto
503 1425 720 1465 Kalendas
752 1425 911 1465 Martii.

512 1515 542 1548 E
566 1516 684 1556 copia
707 1514 905 1546 vidimata
926 1523 1018 1548 saec.
1041 1515 1135 1547 XVI.
1159 1516 1189 1546 in
1213 1514 1304 1547 arch.
1328 1515 1483 1546 canoniae
1497 1513 1763 1545 Lateranensium
1777 1512 2054 1544 Fulnecensis.

1010 1626 1252 1670 CCCXIV.

204 1731 322 1771 Idem
362 1743 542 1772 unacum
581 1732 708 1772 Mili&
749 1731 801 1771 de
840 1730 972 1773 citou>
1009 1730 1194 1771 vendunt
1219 1730 1365 1783 judici
1403 1741 1480 1770 suo
1522 1730 1742 1770 Tilemann
1767 1728 1981 1782 ,fudiciam
2013 1728 2057 1768 in

853 1798 1009 1839 De'rna'
1042 1799 1220 1852 (Tyrn).
1259 1798 1411 1839 1293.

378 1875 438 1935 In
471 1894 632 1934 nomine
667 1893 830 1934 domini.
864 1894 1012 1933 Amen.
1054 1892 1161 1942 Quia
1195 1892 1319 1932 nichil
1344 1891 1494 1932 firmum
1527 1894 1598 1932 aut
1618 1891 1767 1932 stabile
1799 1891 1840 1930 in
1872 1890 2051 1931 humana

206 1962 440 2001 conditione
474 1962 551 2001 sub
585 1963 771 2013 presenti
804 1967 988 2014 tempore
1027 1961 1249 2014 inuenitur,
1288 1971 1546 2012 summopere
1579 1960 1864 1999 necessarium
1904 1963 1983 2013 est⁷
2014 1962 2060 1999 ut.

208 2034 336 2083 gesta
360 2030 561 2070 hominum
581 2030 708 2070 robur
731 2032 935 2081 recipiant
960 2042 985 2070 a
1009 2041 1115 2070 uoce
1140 2031 1320 2083 testium⁷
1346 2034 1388 2069 et
1411 2029 1555 2080 scripti
1579 2029 1773 2068 memoria
1797 2029 1837 2067 in
1865 2031 2060 2079 posteros

207 2101 511 2151 propagentur.
573 2099 735 2138 Noscat
767 2099 899 2153 igitur
938 2102 1018 2139 tam
1053 2110 1231 2150 presens
1271 2098 1472 2138 hominum
1506 2100 1614 2149 etas,
1655 2108 1774 2147 quam
1814 2096 1854 2135 in
1887 2094 2060 2136 Christo

209 2168 432 2216 posteritas
465 2167 738 2221 subcessura,
772 2167 881 2219 quod
914 2178 1001 2221 ego
1035 2167 1172 2206 dictus
1206 2166 1391 2220 vii-icus,
1431 2166 1618 2205 dominus
1658 2165 1711 2204 de
1743 2163 2059 2217 Luhtenburch,

209 2245 292 2272 vna
319 2245 407 2272 cum
433 2234 591 2274 domino
618 2235 871 2275 Milisclione
897 2236 949 2275 de
976 2233 1141 2275 Cetbau
1167 2235 1355 2274 iudicium
1380 2234 1462 2274 tale
1495 2235 1535 2273 in
1571 2233 1768 2284 Thyerna
1800 2231 2061 2272 vendidimus

209 2301 333 2340 iudici
377 2306 517 2340 nostro
556 2303 812 2352 'Pyelmanno
853 2304 1027 2344 XXVII
1068 2304 1216 2342 laneos
1254 2303 1345 2342 iure
1383 2302 1749 2353 Lyvpschizcensi
1781 2299 2061 2353 possidendos

211 2369 290 2408 sibi
323 2369 495 2419 suisque
529 2372 708 2420 posteris
742 2371 886 2411 libere.
926 2372 1038 2412 Idem
1071 2372 1194 2412 iudici
1226 2371 1377 2411 contuli
1409 2370 1653 2410 thabernam
1685 2369 1871 2423 liberam,
1902 2367 2062 2407 molen-

212 2437 346 2476 dinum
381 2437 552 2476 liberum
586 2442 628 2476 et
653 2441 740 2477 tres
774 2439 918 2480 laneos
946 2440 1101 2480 liberos
1133 2440 1212 2479 sub
1237 2443 1418 2479 aratrum
1445 2439 1550 2492 eius7
1574 2438 1786 2491 pistorem,
1811 2432 2060 2487 carnificem,

213 2503 369 2543 fabrum
396 2509 436 2543 et
461 2510 666 2555 sutorem3
699 2507 900 2561 concedo,
924 2512 966 2547 ut
991 2508 1145 2548 habeat
1177 2508 1349 2547 liberam
1373 2507 1598 2547 ecclesiam
1630 2509 1673 2546 et
1696 2506 1868 2545 liberum
1898 2503 2061 2542 laneum

214 2574 419 2626 ecclesie3
452 2573 653 2626 concedo7
687 2579 729 2612 ut
762 2573 915 2615 babeat
948 2576 1108 2627 plenam
1150 2575 1381 2616 libertatem
1421 2573 1622 2627 piscandi⁷
1663 2571 1843 2612 venandi
1882 2569 2061 2609 minores
