2912 4368
1507 987 1605 1027 106

623 1129 729 1178 Quia
770 1130 903 1183 igitur
942 1130 1071 1180 ipsum
1112 1130 1361 1169 autenticum
1410 1141 1466 1169 ex
1512 1129 1770 1169 necessitate
1811 1127 1986 1168 uidimus
2026 1130 2322 1184 renouandum,
2364 1135 2406 1171 et
2444 1133 2485 1171 in

620 1199 817 1248 scriptum
859 1198 967 1236 aliud
1010 1198 1301 1252 redigendum,
1346 1210 1422 1237 nos
1466 1209 1644 1249 presens
1686 1198 1777 1236 eius
1817 1198 2109 1248 transcriptum
2150 1198 2202 1236 ad
2246 1199 2483 1238 euidentem

621 1267 823 1305 cautelam
848 1270 888 1306 et
913 1265 1137 1305 firmitatem
1158 1267 1392 1316 ampliorem
1419 1270 1548 1305 nostri
1577 1270 1618 1306 et
1643 1267 1808 1317 capituli
1834 1267 1964 1305 nostri
1993 1266 2179 1305 ecclesie
2197 1266 2484 1306 Olomucensis

622 1335 854 1388 sigillorum
889 1333 1060 1373 fecimus
1093 1335 1310 1373 munimine
1345 1335 1549 1374 roborari.
1613 1335 1765 1374 Datum
1800 1335 1906 1386 apud
1942 1335 2144 1375 Znohem.
2177 1335 2300 1374 Anno
2334 1336 2485 1375 domini

622 1403 682 1443 Μ.
717 1402 806 1444 CC.
840 1403 979 1443 LXX.
1013 1403 1088 1441 111.
1153 1403 1271 1442 XIII.
1304 1402 1524 1441 Kalendas
1558 1403 1662 1454 lulij.

930 1501 959 1533 E
985 1502 1103 1541 copia
1128 1499 1326 1531 vidimata
1351 1498 1539 1541 ejusdem
1564 1503 1761 1534 monasterii.

1452 1665 1658 1705 LXXIV.

618 1768 850 1817 otakarus,
885 1780 966 1806 rem·
999 1768 1203 1807 Boffmaoe
1235 1771 1273 1806 et
1303 1767 1493 1807 marchio
1533 1769 1769 1813 ,Horat-iae,
1807 1780 1967 1820 poenas
1997 1771 2271 1821 pecuniarias
2304 1771 2482 1810 subditis

621 1836 888 1877 Zarensibus
922 1836 1195 1889 imponendas
1229 1836 1338 1876 cedit
1367 1839 1621 1876 monasterio
1654 1839 1857 1877 Zarensi.
1897 1839 1970 1878 Dt.
2003 1839 2194 1890 Brunae,
2227 1839 2306 1880 11⁷.
2339 1841 2485 1879 Nonas

1395 1906 1519 1957 dulii,
1561 1906 1712 1946 1273.

769 1997 1030 2058 Otliakarus
1065 2015 1130 2055 dei
1165 2016 1319 2070 gracia
1352 2016 1451 2055 Rex
1476 2018 1663 2070 Boemie,
1698 2016 1782 2057 dux
1808 2017 1996 2071 Austrie⁷
2029 2017 2159 2059 Stirie
2194 2022 2234 2057 et
2262 2018 2486 2058 Karinthie

621 2084 900 2136 Marchioque
933 2085 1145 2138 Moravie7
1186 2085 1372 2125 dominus
1407 2083 1624 2138 Carniole7
1667 2085 1864 2125 Marchie
1897 2087 2022 2139 Egre
2063 2098 2113 2124 ac
2147 2090 2290 2137 portus
2324 2088 2487 2138 naonis,

626 2154 811 2193 omnibus
847 2154 884 2192 in
920 2159 1174 2204 perpetuum.
1225 2154 1412 2208 Dignum
1447 2158 1488 2193 et
1522 2155 1668 2192 iustum
1702 2160 1766 2193 est
1800 2158 1841 2193 et
1874 2158 2198 2193 consentaneum
2225 2156 2398 2207 racioni,
2431 2160 2487 2208 ut⁷

626 2223 827 2273 quociens
862 2233 937 2272 per
963 2234 1127 2261 suorum
1163 2224 1382 2273 petitiones
1411 2221 1587 2261 fidelium
1621 2234 1701 2274 que
1735 2228 1870 2262 tamen
1904 2223 1956 2262 ab
1984 2224 2178 2274 equitatis
2210 2224 2372 2263 tramite
2406 2235 2487 2263 non

623 2291 865 2330 discordent
898 2292 1042 2345 Regia
1076 2292 1272 2330 maiestas
1307 2293 1544 2345 requiritur7
1586 2293 1648 2331 eis
1684 2303 1875 2331 annuens
1909 2291 2063 2331 debeat
2101 2302 2179 2331 sue
2211 2292 2489 2346 benignitatis

622 2360 741 2399 oculo
782 2360 986 2412 arridei-Q
1027 2371 1162 2411 eoque
1204 2361 1378 2399 maxime
1419 2372 1498 2411 quo
1546 2361 1612 2411 pia
1656 2372 1786 2399 causa
1827 2361 1968 2414 exigit
2014 2363 2056 2399 et
2093 2361 2239 2400 merita
2280 2360 2489 2412 postulant

622 2439 907 2479 personarum.
971 2428 1074 2468 Inde
1108 2433 1173 2467 est
1206 2429 1314 2480 quod
1348 2441 1437 2468 cum
1470 2429 1698 2469 XVinricus
1731 2429 1865 2468 abbas
1907 2433 1948 2469 et
1981 2433 2215 2469 conuentus
2248 2430 2488 2470 monasterii

618 2497 657 2535 in
692 2495 806 2537 Scat-
840 2500 983 2536 nostre
1017 2497 1250 2537 celsitudini
1286 2498 1489 2537 humiliter
1516 2499 1790 2550 supplicarint
1823 2502 1868 2538 vt
1894 2509 2036 2537 omnes
2069 2498 2217 2549 culpas
2249 2502 2292 2538 et
2315 2499 2488 2538 mulctas

623 2567 714 2604 siue
756 2577 886 2616 penas
928 2567 1195 2616 pecuniarias
1238 2567 1277 2605 in
1320 2567 1470 2617 quibus
1514 2568 1644 2618 ipsius
1686 2568 1926 2607 monasterii
1970 2568 2010 2606 in
2042 2566 2153 2608 Scar
2192 2566 2378 2606 homines
2413 2578 2488 2617 per

626 2635 821 2687 singulos
862 2633 1154 2674 beneficiarios
1202 2639 1406 2676 terrarum
1448 2637 1618 2675 Boemie
1668 2640 1710 2675 et
1752 2636 1952 2675 Moravie
1991 2636 2030 2674 in
2074 2635 2237 2674 iudiciis
2283 2635 2487 2689 legittime

622 2704 993 2756 condempnantur7
1041 2704 1118 2755 ipsi
1159 2705 1408 2743 monasterio
1457 2705 1506 2743 ad
1557 2706 1910 2744 sustentacionem
1958 2702 2127 2743 fratrum
2168 2708 2210 2743 et
2254 2708 2486 2743 conuentus

621 2771 784 2823 iliideim
827 2773 878 2810 ob
913 2772 1050 2811 diuine
1085 2773 1370 2812 retributionis
1404 2775 1602 2826 meritum7
1645 2774 1799 2827 largiri
1834 2772 2161 2812 misericorditer
2194 2772 2487 2826 dignaremur:

621 2839 710 2877 Nos
729 2841 856 2888 ipsius
883 2841 1048 2879 abbatis
1076 2846 1117 2881 et
1141 2845 1374 2881 conuentus
1402 2841 1549 2893 prefati
1575 2843 1814 2881 monasterii
1842 2841 1957 2879 tidem
1985 2854 2125 2892 puram
2152 2844 2194 2881 et
2218 2842 2487 2881 deuocionem

621 2908 828 2947 sinceram
857 2909 1192 2963 considerantes7
1222 2922 1340 2961 quam
1368 2910 1419 2949 ad
1446 2915 1590 2949 nostre
1618 2915 1777 2964 gerunt
1800 2910 2229 2961 superheminenciam
2253 2910 2487 2963 dignitatis,

623 2976 739 3025 plura
790 2977 910 3014 etiam
959 2982 1088 3028 grata
1139 2982 1180 3017 et
1231 2980 1341 3019 utilia
1386 2979 1629 3034 deuo'cionis
1673 2980 1876 3030 obsequia
1928 2990 2008 3033 que
2056 2979 2175 3018 nobis
2216 2980 2488 3030 prestiterunt

624 3044 841 3096 hactenus,
878 3051 1066 3094 prestant
1100 3047 1149 3084 ad
1186 3059 1378 3101 presens7
1413 3053 1455 3087 et
1489 3050 1526 3087 in
1562 3046 1737 3087 futurum
1767 3053 1960 3098 prestare
1995 3048 2175 3098 poterint
2207 3047 2487 3099 attendentes,

627 3114 722 3164 quin
751 3114 922 3162 insuper
948 3114 1088 3152 solerti
1111 3115 1385 3156 meditacione
1406 3119 1571 3167 pietatis
1590 3118 1737 3157 Actori
1764 3116 1842 3155 hoc
1869 3115 1959 3156 sore
1985 3117 2225 3167 placiturum
2246 3120 2487 3167 pensantes⁷

627 3182 827 3220 dictorum
862 3182 1027 3221 abbatis
1071 3188 1111 3220 et
1144 3189 1376 3222 conuentus
1417 3186 1605 3239 benigne
1640 3186 1838 3238 precibus
1878 3189 2127 3237 annuentes,
2162 3185 2237 3235 ipsi
2272 3184 2410 3222 abbati
2446 3187 2487 3221 et

626 3251 849 3289 conuentui
885 3249 1032 3300 prefati
1075 3253 1309 3289 monasterii
1346 3265 1488 3292 omnes
1522 3256 1666 3305 culpas
1706 3259 1748 3294 et
1786 3255 1958 3294 mulctas
1991 3256 2083 3293 sive
2118 3264 2248 3303 penas
2282 3252 2485 3300 pecunia-

627 3320 726 3370 rias7
763 3320 800 3356 in
829 3319 977 3369 quibus
1011 3318 1196 3359 homines
1222 3321 1349 3369 ipsius
1375 3324 1614 3360 monasterii
1643 3334 1717 3373 per
1741 3324 1936 3375 singulos
1965 3320 2255 3361 beneficiarios
2281 3324 2483 3358 terrarum

628 3389 799 3427 Boemie
841 3393 882 3427 et
922 3388 1118 3428 Moravie
1164 3388 1225 3427 vel
1268 3389 1428 3439 aliquos
1472 3401 1526 3428 ex
1570 3391 1672 3440 ipsis
1713 3392 1752 3430 in
1794 3392 1942 3430 iudicio
1988 3388 2138 3428 suerint
2182 3387 2484 3439 condempnati,
