2138 2845
1052 146 1157 186 332

166 292 437 344 accedentes,
469 290 692 341 assumptis
726 288 939 328 nobiscum
971 286 1287 328 venerabilibus
1321 286 1524 341 patribuS,
1547 286 1744 328 videlicet
1775 287 1938 330 domino
1969 290 2029 330 Io.

165 360 440 401 Pomecensis
473 361 515 398 et
555 358 610 398 A.
649 356 868 411 Sarensis,
901 360 944 397 et
975 356 1022 398 S.
1062 355 1454 396 Zmilenheimensis
1487 355 1761 396 ecclesiarum
1793 358 2030 413 abbatibuS,

164 429 270 469 visis
303 427 600 482 instrumentis,
633 427 852 478 Vtriusque
885 426 1017 477 partis
1050 424 1281 464 rationibus
1314 427 1357 463 et
1389 424 1678 476 questionibus
1711 424 2031 479 diligentissime

164 498 389 551 trutinatis,
438 496 581 536 habito
635 495 811 535 consilio
859 493 1192 545 supradictorum
1240 495 1413 547 patrum,
1471 503 1630 532 omnem
1680 492 1902 544 prehabite
1947 495 2030 536 litis

165 566 474 606 contentionem
515 564 588 604 tali
629 561 709 603 fine
752 562 942 601 duximus
984 560 1271 600 decidendam.
1334 559 1564 602 Statuimus
1605 572 1716 615 ergo
1757 562 1941 613 primitus
1979 575 2031 603 ac

164 633 395 687 diffinimus,
417 632 526 685 quod
560 630 723 683 prefate
756 630 917 669 domine
951 630 1167 669 abbatisse
1200 629 1325 669 liceat
1357 630 1553 680 recipere
1586 640 1794 681 personas
1826 630 2031 685 ydoneas,

168 703 327 743 liberas
360 706 402 742 et
434 701 650 741 absolutas
693 698 746 739 de
787 699 932 738 seculo
965 699 1204 752 venientes,
1244 701 1325 737 tam
1357 698 1554 752 clericos,
1596 709 1716 750 quam
1756 698 1917 753 laycos,
1950 710 2032 752 que

163 771 381 826 regularis
414 769 633 821 discipline
667 769 771 823 iugo
804 778 853 807 se
885 767 1129 806 submittere
1162 766 1368 806 voluerint
1400 766 1566 821 deuote,
1601 778 1682 819 que
1714 778 1804 807 cnm
1839 766 2033 819 professe

162 837 331 894 fuerint,
370 839 481 878 dicta
528 838 691 878 domina
733 835 951 876 abbatissa
990 847 1074 875 vna
1116 846 1206 874 cum
1252 834 1491 875 senioribus
1533 847 1590 875 ex
1636 835 1794 876 eisdem
1836 837 2031 888 personis

163 921 303 962 vnam,
358 919 477 960 quam
534 907 673 961 magis
729 905 1008 945 iudicauerint
1063 903 1269 955 expedire
1324 903 1375 944 ad
1431 903 1715 958 gubernanda
1770 905 2028 960 temporalia,

164 980 361 1028 poterunt
392 978 580 1016 statuere
607 975 884 1029 prouisorem,
911 977 953 1014 et
984 974 1064 1013 hoc
1083 977 1238 1013 tantum
1264 973 1317 1013 de
1349 973 1522 1013 consilio
1556 976 1598 1012 et
1623 973 1898 1023 permissione
1931 973 2030 1013 dicti

162 1044 312 1085 domini
343 1044 510 1084 abbatis
543 1045 584 1083 in
618 1043 870 1098 lVeligrad,
903 1042 1129 1082 secundum
1163 1041 1272 1094 quod
1305 1042 1397 1081 olim
1439 1053 1517 1092 per
1555 1041 1766 1094 generale
1809 1041 2030 1092 capitulum

166 1117 232 1154 est
264 1114 531 1168 generaliter
573 1113 814 1152 institutum.
886 1113 1038 1152 Dictus
1081 1122 1185 1151 vero
1228 1111 1435 1163 prouisor,
1477 1110 1512 1149 si
1555 1109 1783 1149 humilitate
1824 1114 2031 1161 concepta

161 1194 290 1235 super
322 1183 376 1237 id,
410 1181 518 1234 quod
551 1185 718 1222 tenetur
750 1192 799 1220 se
832 1181 1045 1234 extulerit,
1087 1183 1158 1220 aut
1197 1184 1345 1220 contra
1379 1178 1623 1233 regularem
1654 1179 2029 1218 conuersacionem

161 1253 357 1291 inuentus
390 1248 515 1290 suerit
536 1250 796 1303 exorbitare,
822 1261 977 1289 earnes
1010 1250 1103 1288 sine
1128 1249 1297 1288 lIcentia
1332 1247 1494 1287 domine
1518 1247 1737 1287 abbatisse
1757 1247 2028 1302 comedendo,

161 1324 232 1360 aut
264 1320 424 1359 credite
457 1319 537 1358 sibi
570 1319 873 1370 dispensationi
905 1319 1037 1357 minus
1066 1317 1222 1357 vtiliter
1256 1315 1530 1369 prouidendo,
1562 1314 1807 1366 sepedictus
1835 1315 2027 1355 visitator

160 1389 410 1430 auctoritate
435 1391 612 1439 paterna
637 1388 790 1438 poterit
813 1387 944 1437 ipsum
972 1398 997 1425 a
1025 1385 1342 1436 dispensatione
1375 1385 1594 1422 commissa
1625 1394 1860 1436 remouere,
1884 1383 2026 1422 causis

160 1460 300 1498 tamen
332 1468 410 1497 sue
442 1456 719 1507 depositionis
754 1455 916 1494 domine
949 1453 1168 1492 abbatisse
1201 1455 1244 1492 et
1275 1452 1516 1492 senioribus
1549 1452 1758 1491 intimatis.
1826 1451 2026 1491 Volumus

161 1526 297 1579 etiam,
325 1529 371 1565 vt
397 1537 488 1565 cum
512 1524 700 1564 ecclesia
726 1523 778 1562 ad
803 1523 999 1563 maiorem
1033 1533 1170 1561 rerum
1197 1521 1441 1572 perueniret
1465 1518 1717 1572 facultatem,
1746 1519 1851 1559 duos
1872 1519 2029 1560 habeat

158 1592 448 1645 consessoreS,
482 1604 651 1644 quorum
684 1602 807 1646 vnus,
835 1602 954 1643 quem
987 1602 1092 1642 sepe
1121 1593 1342 1630 memorata
1375 1589 1593 1628 abbatissa
1627 1588 1679 1627 ad
1714 1587 1793 1627 boc
1826 1588 2027 1643 elegerit,

158 1674 242 1703 vna
275 1674 366 1702 cum
405 1662 579 1701 cellaria
619 1661 763 1700 domus
797 1660 996 1698 conscius
1038 1660 1094 1698 sit
1135 1658 1311 1709 predicti
1353 1657 1585 1709 prouisoris
1624 1659 1704 1696 tam
1738 1656 1790 1696 de
1823 1657 2023 1711 receptis,

159 1743 278 1784 quam
313 1731 559 1771 distributis.
623 1730 703 1779 Qui
746 1730 868 1768 etiam
913 1729 1108 1780 prouisor
1146 1731 1228 1767 tam
1272 1726 1324 1766 de
1358 1726 1557 1779 receptis,
1591 1736 1711 1776 quam
1744 1724 1798 1764 de
1830 1726 2027 1779 erogatis

160 1800 322 1841 domino
356 1801 498 1840 abbati
532 1807 574 1839 et
606 1799 769 1838 domine
801 1798 1018 1837 abbatisse
1053 1808 1193 1836 coram
1227 1794 1480 1848 senioribus,
1514 1805 1604 1832 cum
1628 1793 1855 1845 requisitus
1889 1790 2026 1847 suerit,

158 1873 316 1909 certam
357 1869 409 1909 de
447 1868 632 1922 singulis
672 1866 823 1906 reddat
867 1867 1084 1905 rationem.
1147 1864 1346 1906 Ceterum
1388 1861 1620 1901 mandando
1660 1862 1928 1914 precipimus,
1971 1873 2026 1901 ne

159 1942 332 1977 ornatus
373 1941 444 1977 aut
483 1936 630 1987 predia
671 1935 858 1974 ecclesie
899 1937 1166 1985 exponantur
1204 1933 1274 1972 vel
1315 1931 1563 1983 alienentur,
1604 1930 1702 1982 quin
1743 1930 1859 1981 prius
1892 1941 2026 1969 causa

158 2007 308 2046 motiua
342 2006 616 2058 expositionis
640 2005 732 2044 siue
766 2004 1030 2043 alienationis
1058 2003 1162 2053 patri
1196 2001 1337 2040 abbati
1363 2001 1609 2053 insinuetur,
1644 2003 1686 2039 et
1718 1998 1828 2050 quod
1860 1996 2026 2038 facien-

160 2074 251 2113 dum
291 2079 369 2128 est,
409 2075 461 2114 de
505 2075 634 2126 ipsius
678 2073 852 2114 consilio
895 2070 964 2111 fiat
997 2076 1038 2111 et
1081 2071 1309 2110 voluntate.
1372 2068 1432 2107 Vt
1472 2071 1608 2107 autem
1651 2068 1785 2107 omnia
1818 2067 2025 2118 premissa

158 2147 251 2182 rata
287 2147 556 2192 permaneant
597 2147 639 2182 et
678 2140 938 2194 inconuulsa,
981 2140 1112 2180 nostri
1146 2139 1278 2193 sigilli
1312 2136 1590 2189 predictorum
1624 2140 1783 2188 patrum
1816 2139 1859 2175 et
1893 2146 2023 2175 reue-

159 2210 291 2250 rende
326 2210 486 2250 domine
520 2212 736 2250 abbatisse
778 2209 1012 2263 sigillorum
1046 2208 1262 2247 munimine
1303 2210 1542 2258 presentem
1575 2205 1752 2245 litteram
1785 2203 2026 2244 communiri

160 2278 424 2319 decreuimus
464 2283 506 2318 et
546 2280 749 2319 roborari.
815 2278 967 2318 Datum
1009 2289 1119 2318 anno
1153 2277 1304 2317 domini
1344 2275 1405 2315 M.
1441 2271 1531 2314 CC.
1566 2273 1842 2314 LXXXVII.
1882 2273 2023 2325 quinto

160 2347 260 2388 Idus
293 2346 412 2388 Maii,

470 2444 522 2477 Ex
548 2446 745 2486 originali
770 2445 803 2486 ej
818 2446 955 2478 usdcni
980 2446 1180 2487 monasterii,
1201 2446 1253 2477 cui
1271 2453 1289 2476 e
1306 2452 1367 2476 sex
1387 2443 1504 2486 sigillis
1524 2443 1663 2485 quinque
1681 2441 1805 2482 reliqua
1824 2436 2020 2479 appendent.
