2138 2845
1006 164 1106 204 106

122 307 230 356 Quia
270 308 403 362 igitur
441 307 572 358 ipsum
612 307 862 347 autenticum
910 318 967 346 ex
1011 306 1270 347 necessitate
1311 303 1486 346 uidimus
1526 306 1823 362 renouandum,
1865 311 1907 348 et
1944 309 1986 348 in

119 377 318 427 scriptum
358 375 468 415 aliud
510 375 802 430 redigendum,
846 387 923 415 nos
965 386 1145 426 presens
1185 375 1278 414 eius
1317 374 1610 426 transcriptum
1650 374 1704 413 ad
1746 375 1984 415 euidentem

120 445 324 484 cautelam
347 447 389 484 et
412 443 638 484 firmitatem
657 444 893 494 ampliorem
919 447 1049 483 nostri
1077 446 1119 483 et
1143 443 1309 495 capituli
1334 443 1465 482 nostri
1493 442 1680 482 ecclesie
1697 442 1986 483 olomucensis

122 513 355 567 sigillorum
389 511 561 552 fecimus
593 512 811 551 munimine
844 512 1049 551 roborari.
1113 512 1266 551 Datum
1300 511 1407 563 apud
1442 511 1645 552 Znohem.
1677 511 1801 551 Anno
1835 512 1986 552 domini

122 581 183 621 M.
217 579 307 622 CC.
340 581 480 621 LXX.
513 581 589 620 111.
653 580 772 620 XIII.
804 579 1025 619 Kalendas
1057 580 1163 632 lulij.

430 679 460 711 E
485 679 604 719 copia
629 677 828 709 vidimata
852 676 1040 718 ejusdem
1063 679 1262 712 monasterii.

952 842 1160 883 LXXIV.

118 945 352 997 Otakarus,
385 957 468 985 rea)
499 945 704 985 Boiimiae
735 948 774 984 et
803 944 995 985 marchio
1033 945 1271 996 ,nor-aviae,
1308 957 1468 998 poenas
1498 948 1772 998 pecuniarias
1805 947 1984 987 subditis

121 1014 389 1055 Zurensibus
421 1014 697 1067 imponendas
730 1013 839 1054 cedit
867 1016 1122 1054 monasterio
1154 1016 1358 1055 Zamensi.
1398 1015 1472 1055 Dt.
1504 1015 1695 1067 Brumae,
1728 1016 1808 1057 IV.
1840 1017 1987 1056 Nonas

896 1083 1021 1135 June,
1061 1082 1214 1124 1273.

270 1175 532 1236 Othakarus
565 1193 632 1233 dei
666 1194 820 1248 gracia
853 1194 953 1233 Rex
977 1194 1165 1247 Boemie,
1199 1193 1284 1234 dux
1309 1194 1498 1248 Austrie,
1530 1194 1661 1236 Stirie
1695 1198 1736 1234 et
1763 1195 1988 1235 Karinthie

121 1262 402 1315 Marchioque
434 1263 647 1316 Moravie,
686 1263 874 1303 dominus
907 1260 1125 1316 Carniole,
1167 1262 1366 1302 Marchie
1398 1263 1524 1316 Egre
1564 1274 1615 1302 ac
1648 1266 1791 1314 portus
1824 1264 1989 1316 naonis,

127 1332 313 1371 omnibus
347 1332 386 1370 in
420 1336 676 1383 perpetuum.
726 1331 914 1385 Dignum
948 1335 990 1371 et
1022 1332 1170 1370 iustum
1203 1336 1268 1370 est
1301 1334 1343 1370 et
1375 1334 1700 1371 consentaneum
1726 1332 1900 1385 racioni,
1932 1336 1989 1385 ut,

126 1401 328 1451 quociens
363 1411 438 1451 per
464 1412 629 1439 suorum
664 1401 884 1451 petitiones
912 1398 1089 1439 fidelium
1122 1411 1203 1451 que
1236 1403 1372 1439 tamen
1405 1399 1458 1439 ab
1485 1400 1680 1451 equitatis
1711 1401 1874 1440 tramite
1906 1411 1989 1440 non

124 1469 366 1508 discordent
398 1469 544 1523 Regia
576 1470 774 1508 maiestas
807 1470 1046 1523 requiritur,
1087 1470 1150 1508 eis
1185 1480 1377 1508 annuens
1411 1468 1565 1508 debeat
1603 1479 1681 1508 sue
1713 1468 1991 1523 benignitatis

123 1538 242 1577 oculo
282 1538 488 1591 arridere,
528 1548 664 1589 eoque
705 1539 880 1578 maxime
920 1549 999 1589 quo
1047 1538 1114 1588 pia
1157 1549 1288 1577 causa
1329 1538 1470 1592 exigit
1515 1539 1558 1577 et
1594 1538 1741 1577 merIta
1781 1536 1991 1589 postulant

123 1617 409 1657 personarum.
472 1606 576 1646 Inde
609 1610 675 1646 est
707 1606 816 1658 quod
849 1618 939 1646 cum
971 1606 1200 1647 IVinricus
1232 1606 1368 1646 abbas
1408 1609 1450 1647 et
1483 1609 1717 1646 conuentus
1749 1607 1990 1647 monasterii

119 1675 159 1714 in
192 1673 308 1716 Sem·
340 1677 485 1715 nostre
518 1675 753 1715 celsitudini
787 1675 991 1715 humiliter
1017 1675 1293 1728 supplicarint
1325 1678 1370 1715 vt
1395 1686 1538 1715 omnes
1571 1675 1719 1727 culpas
1750 1678 1794 1715 et
1816 1675 1990 1715 mulctas

123 1745 216 1783 siue
256 1755 388 1795 penas
429 1745 697 1795 pecuniarias
739 1745 779 1783 in
821 1745 972 1796 quibus
1015 1745 1146 1796 ipsius
1187 1745 1429 1785 monasterii
1470 1744 1513 1783 in
1544 1743 1655 1785 Scar
1693 1743 1881 1783 homines
1914 1754 1990 1794 per

127 1813 323 1867 singulos
363 1811 656 1853 beneficiarios
703 1816 909 1854 terrarum
949 1814 1121 1853 Boemie
1169 1816 1212 1853 et
1253 1813 1454 1853 Moravie
1493 1813 1533 1851 in
1575 1811 1739 1852 iudiciis
1784 1812 1990 1866 legittime

123 1882 495 1935 condempnantur,
542 1882 621 1933 ipsi
660 1882 911 1921 monasterio
958 1882 1009 1921 ad
1058 1883 1413 1922 sustentacionem
1459 1879 1629 1920 fratrum
1670 1886 1713 1921 et
1755 1884 1989 1921 conuentus

122 1949 286 2002 ibidem,
328 1951 380 1989 ob
414 1950 553 1990 diuine
586 1950 872 1990 retributionis
905 1952 1105 2004 meritum,
1146 1951 1302 2005 largiri
1335 1949 1664 1990 misericorditer
1696 1949 1989 2003 dignaremur:

122 2017 212 2056 Nos
230 2019 359 2068 ipsius
384 2019 550 2058 abbatis
578 2022 620 2059 et
643 2022 876 2059 conuentus
903 2018 1051 2071 prefati
1076 2020 1317 2059 monasterii
1343 2017 1460 2057 fidem
1487 2030 1627 2070 puram
1654 2021 1696 2058 et
1720 2018 1990 2058 deuocionem

122 2086 331 2126 sinceram
358 2087 695 2142 consideranteS,
723 2099 843 2139 quam
869 2088 922 2127 ad
948 2092 1092 2127 nostre
1120 2091 1279 2142 gerunt
1302 2087 1731 2139 superheminenciam
1755 2087 1990 2140 dignitatis,

123 2154 242 2205 plura
291 2155 413 2193 etiam
460 2159 590 2208 grata
641 2160 683 2196 et
732 2157 844 2198 utilia
887 2156 1132 2212 deuocionis
1174 2157 1379 2208 obsequia
1430 2167 1511 2211 que
1557 2156 1678 2196 nobis
1718 2157 1991 2207 prestiterunt

124 2222 344 2276 hactenus,
379 2227 568 2273 prestant
601 2224 652 2263 ad
688 2237 881 2279 presens,
915 2229 957 2266 et
990 2227 1029 2265 in
1063 2224 1240 2265 futurum
1267 2229 1463 2276 prestare
1497 2225 1678 2276 poterint
1709 2224 1990 2277 attendentes,

128 2293 224 2343 quin
252 2292 425 2342 insuper
449 2292 593 2331 solerti
612 2293 888 2334 meditacione
907 2296 1074 2346 pietatis
1092 2295 1240 2335 Actori
1265 2293 1345 2333 hoc
1370 2291 1462 2334 fore
1487 2293 1728 2345 placiturum
1748 2296 1990 2344 pensantes,

128 2360 330 2399 dictorum
363 2360 530 2400 abbatis
573 2364 614 2399 et
646 2366 878 2401 conuentus
919 2363 1108 2417 benigne
1142 2363 1341 2416 precibus
1380 2366 1631 2415 annuentes,
1663 2362 1741 2413 ipsi
1774 2360 1914 2400 abbati
1948 2363 1990 2398 et

127 2429 352 2468 conuentui
386 2427 534 2479 prefati
576 2431 813 2468 monasterii
848 2442 990 2470 omnes
1024 2433 1169 2483 culpas
1208 2436 1251 2472 et
1288 2432 1461 2472 mulctas
1493 2433 1586 2471 sive
1620 2441 1752 2481 penas
1784 2428 1988 2478 pecunia-

128 2498 228 2550 rias,
263 2498 303 2536 in
331 2497 480 2549 quibus
512 2496 698 2538 homines
723 2498 852 2548 ipsius
877 2501 1117 2539 monasterii
1145 2512 1220 2551 per
1243 2500 1440 2554 singulos
1467 2497 1758 2539 beneficiarios
1783 2500 1987 2536 terrarum

128 2567 302 2607 Boemie
343 2571 385 2606 et
423 2566 621 2607 Moravie
661 2566 729 2606 vel
770 2567 931 2618 aliquos
974 2579 1030 2606 ex
1072 2569 1175 2619 ipsis
1215 2569 1256 2608 in
1295 2569 1446 2608 iudicio
1490 2565 1642 2606 fuerint
1684 2563 1987 2617 condempnati,
