<?xml version="1.0" encoding="UTF-8"?>
<!DOCTYPE html PUBLIC "-//W3C//DTD XHTML 1.0 Transitional//EN"
    "http://www.w3.org/TR/xhtml1/DTD/xhtml1-transitional.dtd">
<html xmlns="http://www.w3.org/1999/xhtml" xml:lang="en" lang="en">
 <head>
  <title>
</title>
<meta http-equiv="Content-Type" content="text/html;charset=utf-8" />
  <meta name='ocr-system' content='tesseract 3.04.00' />
  <meta name='ocr-capabilities' content='ocr_page ocr_carea ocr_par ocr_line ocrx_word'/>
</head>
<body>
  <div class='ocr_page' id='page_1' title='image "./codexdiplomaticu04morauoft_0049.png"; bbox 0 0 2138 2845; ppageno 0'>
   <div class='ocr_carea' id='block_1_1' title="bbox 1056 197 1204 202">
    <p class='ocr_par' dir='ltr' id='par_1_1' title="bbox 1056 197 1204 202">
     <span class='ocr_line' id='line_1_1' title="bbox 1056 197 1204 202; baseline 0 0"><span class='ocrx_word' id='word_1_1' title='bbox 1056 197 1204 202; x_wconf 95' lang='lat' dir='ltr'> </span> 
     </span>
    </p>
   </div>
   <div class='ocr_carea' id='block_1_2' title="bbox 931 141 1083 203">
    <p class='ocr_par' dir='ltr' id='par_1_2' title="bbox 931 141 1083 203">
     <span class='ocr_line' id='line_1_2' title="bbox 931 141 1083 203; baseline -0.007 -20"><span class='ocrx_word' id='word_1_2' title='bbox 931 141 1083 203; x_wconf 36' lang='grc' dir='ltr'>ἐξ»</span> 
     </span>
    </p>
   </div>
   <div class='ocr_carea' id='block_1_3' title="bbox 965 282 1132 325">
    <p class='ocr_par' dir='ltr' id='par_1_3' title="bbox 965 282 1132 325">
     <span class='ocr_line' id='line_1_3' title="bbox 965 282 1132 325; baseline -0.012 0"><span class='ocrx_word' id='word_1_3' title='bbox 965 282 1132 325; x_wconf 85' lang='lat' dir='ltr'><strong>XXIX.</strong></span> 
     </span>
    </p>
   </div>
   <div class='ocr_carea' id='block_1_4' title="bbox 120 375 1979 570">
    <p class='ocr_par' dir='ltr' id='par_1_4' title="bbox 120 375 1979 570">
     <span class='ocr_line' id='line_1_4' title="bbox 124 375 1979 434; baseline -0.004 -12"><span class='ocrx_word' id='word_1_4' title='bbox 124 381 357 434; x_wconf 57' lang='lat' dir='ltr'>otakarus,</span> <span class='ocrx_word' id='word_1_5' title='bbox 407 393 490 420; x_wconf 65' lang='lat' dir='ltr'>rea·</span> <span class='ocrx_word' id='word_1_6' title='bbox 531 381 736 420; x_wconf 70' lang='lat' dir='ltr'>Boe&#39;mz&#39;ae</span> <span class='ocrx_word' id='word_1_7' title='bbox 775 381 814 418; x_wconf 77' lang='lat' dir='ltr'>et</span> <span class='ocrx_word' id='word_1_8' title='bbox 849 377 1039 418; x_wconf 75' lang='lat' dir='ltr'>marchio</span> <span class='ocrx_word' id='word_1_9' title='bbox 1087 377 1332 430; x_wconf 74' lang='lat' dir='ltr'>Morsu-iae,</span> <span class='ocrx_word' id='word_1_10' title='bbox 1380 375 1633 414; x_wconf 75' lang='lat' dir='ltr'>monasterio</span> <span class='ocrx_word' id='word_1_11' title='bbox 1675 375 1979 426; x_wconf 71' lang='lat' dir='ltr'>Lil01ny.s&#39;·&#39;lensz&#39;</span> 
     </span>
     <span class='ocr_line' id='line_1_5' title="bbox 120 443 1978 500; baseline -0.005 -9"><span class='ocrx_word' id='word_1_12' title='bbox 120 452 415 490; x_wconf 66' lang='lat' dir='ltr'>restitutionem</span> <span class='ocrx_word' id='word_1_13' title='bbox 456 450 656 489; x_wconf 79' lang='lat' dir='ltr'>bonorum</span> <span class='ocrx_word' id='word_1_14' title='bbox 689 447 951 500; x_wconf 77' lang='lat' dir='ltr'>quorundam</span> <span class='ocrx_word' id='word_1_15' title='bbox 990 448 1106 485; x_wconf 73' lang='lat' dir='ltr'>circa</span> <span class='ocrx_word' id='word_1_16' title='bbox 1147 444 1329 484; x_wconf 70' lang='lat' dir='ltr'>Polis-lm</span> <span class='ocrx_word' id='word_1_17' title='bbox 1370 443 1604 493; x_wconf 61' lang='lat' dir='ltr'>(Pomm)</span> <span class='ocrx_word' id='word_1_18' title='bbox 1647 446 1685 482; x_wconf 76' lang='lat' dir='ltr'>el</span> <span class='ocrx_word' id='word_1_19' title='bbox 1715 445 1757 482; x_wconf 81' lang='grc' dir='ltr'><strong><em>ιή</em></strong></span> <span class='ocrx_word' id='word_1_20' title='bbox 1790 445 1978 483; x_wconf 72' lang='lat' dir='ltr'>terminis</span> 
     </span>
     <span class='ocr_line' id='line_1_6' title="bbox 199 511 1903 570; baseline -0.005 -11"><span class='ocrx_word' id='word_1_21' title='bbox 199 521 424 560; x_wconf 66' lang='lat' dir='ltr'>,Horat-lae</span> <span class='ocrx_word' id='word_1_22' title='bbox 457 519 686 570; x_wconf 76' lang='lat' dir='ltr'>confirmat.</span> <span class='ocrx_word' id='word_1_23' title='bbox 749 518 821 556; x_wconf 82' lang='lat' dir='ltr'>DI.</span> <span class='ocrx_word' id='word_1_24' title='bbox 855 516 1044 567; x_wconf 72' lang='lat' dir='ltr'>Prayae,</span> <span class='ocrx_word' id='word_1_25' title='bbox 1078 513 1201 554; x_wconf 74' lang='lat' dir='ltr'>XIV.</span> <span class='ocrx_word' id='word_1_26' title='bbox 1234 511 1459 554; x_wconf 80' lang='lat' dir='ltr'><em>Kalendas</em></span> <span class='ocrx_word' id='word_1_27' title='bbox 1492 513 1710 563; x_wconf 66' lang='lat' dir='ltr'>‚lanum-iz,</span> <span class='ocrx_word' id='word_1_28' title='bbox 1751 512 1903 551; x_wconf 72' lang='lat'>1269.</span> 
     </span>
    </p>
   </div>
   <div class='ocr_carea' id='block_1_5' title="bbox 115 611 1980 2594">
    <p class='ocr_par' dir='ltr' id='par_1_5' title="bbox 115 611 1980 2594">
     <span class='ocr_line' id='line_1_7' title="bbox 293 611 1980 677; baseline -0.004 -8"><span class='ocrx_word' id='word_1_29' title='bbox 293 611 353 671; x_wconf 82' lang='lat' dir='ltr'>In</span> <span class='ocrx_word' id='word_1_30' title='bbox 388 630 548 668; x_wconf 90' lang='lat' dir='ltr'>nomine</span> <span class='ocrx_word' id='word_1_31' title='bbox 582 630 731 666; x_wconf 88' lang='lat' dir='ltr'>sancte</span> <span class='ocrx_word' id='word_1_32' title='bbox 763 631 805 666; x_wconf 90' lang='lat' dir='ltr'>et</span> <span class='ocrx_word' id='word_1_33' title='bbox 837 625 1048 665; x_wconf 87' lang='lat' dir='ltr'>indiuidue</span> <span class='ocrx_word' id='word_1_34' title='bbox 1081 625 1276 665; x_wconf 82' lang='lat' dir='ltr'>trinitatis</span> <span class='ocrx_word' id='word_1_35' title='bbox 1309 635 1441 664; x_wconf 86' lang='lat' dir='ltr'>amen.</span> <span class='ocrx_word' id='word_1_36' title='bbox 1501 622 1592 663; x_wconf 89' lang='lat' dir='ltr'>Nos</span> <span class='ocrx_word' id='word_1_37' title='bbox 1626 623 1878 677; x_wconf 84' lang='lat' dir='ltr'>OthacaruS,</span> <span class='ocrx_word' id='word_1_38' title='bbox 1912 622 1980 662; x_wconf 90' lang='lat' dir='ltr'>dei</span> 
     </span>
     <span class='ocr_line' id='line_1_8' title="bbox 121 691 1980 754; baseline -0.005 -16"><span class='ocrx_word' id='word_1_39' title='bbox 121 699 266 754; x_wconf 84' lang='lat' dir='ltr'>gratia</span> <span class='ocrx_word' id='word_1_40' title='bbox 308 698 477 737; x_wconf 89' lang='lat' dir='ltr'>Boemie</span> <span class='ocrx_word' id='word_1_41' title='bbox 510 698 623 749; x_wconf 70' lang='lat' dir='ltr'>ReX,</span> <span class='ocrx_word' id='word_1_42' title='bbox 657 696 759 735; x_wconf 86' lang='lat' dir='ltr'>Dux</span> <span class='ocrx_word' id='word_1_43' title='bbox 791 696 965 735; x_wconf 86' lang='lat' dir='ltr'>Austrie</span> <span class='ocrx_word' id='word_1_44' title='bbox 999 699 1041 734; x_wconf 91' lang='lat' dir='ltr'>et</span> <span class='ocrx_word' id='word_1_45' title='bbox 1072 693 1216 745; x_wconf 71' lang='lat' dir='ltr'>Styrie</span> <span class='ocrx_word' id='word_1_46' title='bbox 1249 705 1300 732; x_wconf 92' lang='lat' dir='ltr'>ac</span> <span class='ocrx_word' id='word_1_47' title='bbox 1332 692 1528 732; x_wconf 86' lang='lat' dir='ltr'>Marchio</span> <span class='ocrx_word' id='word_1_48' title='bbox 1561 692 1758 731; x_wconf 85' lang='lat' dir='ltr'>Morauie</span> <span class='ocrx_word' id='word_1_49' title='bbox 1793 691 1980 730; x_wconf 88' lang='lat' dir='ltr'>omnibus</span> 
     </span>
     <span class='ocr_line' id='line_1_9' title="bbox 119 761 1980 818; baseline -0.004 -12"><span class='ocrx_word' id='word_1_50' title='bbox 119 768 419 818; x_wconf 84' lang='lat' dir='ltr'>inperpetuum.</span> <span class='ocrx_word' id='word_1_51' title='bbox 484 763 586 805; x_wconf 82' lang='lat' dir='ltr'>Cum</span> <span class='ocrx_word' id='word_1_52' title='bbox 628 764 778 803; x_wconf 90' lang='lat' dir='ltr'>obliuio</span> <span class='ocrx_word' id='word_1_53' title='bbox 828 765 881 802; x_wconf 91' lang='lat' dir='ltr'>sit</span> <span class='ocrx_word' id='word_1_54' title='bbox 921 775 1105 803; x_wconf 89' lang='lat' dir='ltr'>nouerca</span> <span class='ocrx_word' id='word_1_55' title='bbox 1151 763 1284 815; x_wconf 86' lang='lat' dir='ltr'>pacis,</span> <span class='ocrx_word' id='word_1_56' title='bbox 1324 766 1456 801; x_wconf 89' lang='lat' dir='ltr'>mater</span> <span class='ocrx_word' id='word_1_57' title='bbox 1496 761 1729 811; x_wconf 86' lang='lat' dir='ltr'>calumpnie</span> <span class='ocrx_word' id='word_1_58' title='bbox 1773 764 1814 799; x_wconf 85' lang='lat' dir='ltr'>et</span> <span class='ocrx_word' id='word_1_59' title='bbox 1853 761 1980 798; x_wconf 90' lang='lat' dir='ltr'>litium</span> 
     </span>
     <span class='ocr_line' id='line_1_10' title="bbox 120 828 1979 887; baseline -0.004 -13"><span class='ocrx_word' id='word_1_60' title='bbox 120 835 380 887; x_wconf 88' lang='lat' dir='ltr'>suscitatrix,</span> <span class='ocrx_word' id='word_1_61' title='bbox 419 845 602 873; x_wconf 88' lang='lat' dir='ltr'>necesse</span> <span class='ocrx_word' id='word_1_62' title='bbox 644 837 723 885; x_wconf 90' lang='lat' dir='ltr'>est,</span> <span class='ocrx_word' id='word_1_63' title='bbox 771 837 814 871; x_wconf 87' lang='lat' dir='ltr'>ut</span> <span class='ocrx_word' id='word_1_64' title='bbox 854 838 982 886; x_wconf 82' lang='lat' dir='ltr'>gesta</span> <span class='ocrx_word' id='word_1_65' title='bbox 1023 832 1264 884; x_wconf 79' lang='lat' dir='ltr'>principum,</span> <span class='ocrx_word' id='word_1_66' title='bbox 1307 830 1360 868; x_wconf 90' lang='lat' dir='ltr'>ad</span> <span class='ocrx_word' id='word_1_67' title='bbox 1403 830 1608 868; x_wconf 80' lang='lat' dir='ltr'>cautelam</span> <span class='ocrx_word' id='word_1_68' title='bbox 1649 833 1690 868; x_wconf 92' lang='lat' dir='ltr'>et</span> <span class='ocrx_word' id='word_1_69' title='bbox 1731 828 1979 867; x_wconf 87' lang='lat' dir='ltr'>euidentiam</span> 
     </span>
     <span class='ocr_line' id='line_1_11' title="bbox 118 897 1979 956; baseline -0.004 -14"><span class='ocrx_word' id='word_1_70' title='bbox 118 901 359 956; x_wconf 90' lang='lat' dir='ltr'>futurorum,</span> <span class='ocrx_word' id='word_1_71' title='bbox 392 902 620 941; x_wconf 86' lang='lat' dir='ltr'>litterarum</span> <span class='ocrx_word' id='word_1_72' title='bbox 645 901 834 952; x_wconf 85' lang='lat' dir='ltr'>apicibus</span> <span class='ocrx_word' id='word_1_73' title='bbox 868 899 1217 953; x_wconf 88' lang='lat' dir='ltr'>commendentur,</span> <span class='ocrx_word' id='word_1_74' title='bbox 1247 903 1290 938; x_wconf 80' lang='lat' dir='ltr'>vt</span> <span class='ocrx_word' id='word_1_75' title='bbox 1323 910 1378 937; x_wconf 86' lang='lat' dir='ltr'>ex</span> <span class='ocrx_word' id='word_1_76' title='bbox 1407 899 1616 948; x_wconf 82' lang='lat' dir='ltr'>scripture</span> <span class='ocrx_word' id='word_1_77' title='bbox 1648 898 1883 936; x_wconf 90' lang='lat' dir='ltr'>testimonio</span> <span class='ocrx_word' id='word_1_78' title='bbox 1917 897 1979 936; x_wconf 93' lang='lat' dir='ltr'>rei</span> 
     </span>
     <span class='ocr_line' id='line_1_12' title="bbox 119 964 1979 1026; baseline -0.004 -15"><span class='ocrx_word' id='word_1_79' title='bbox 119 975 249 1026; x_wconf 82' lang='lat' dir='ltr'>geste</span> <span class='ocrx_word' id='word_1_80' title='bbox 282 974 512 1025; x_wconf 81' lang='lat' dir='ltr'>agerratur</span> <span class='ocrx_word' id='word_1_81' title='bbox 543 970 753 1023; x_wconf 89' lang='lat' dir='ltr'>memoria,</span> <span class='ocrx_word' id='word_1_82' title='bbox 787 974 829 1008; x_wconf 89' lang='lat' dir='ltr'>et</span> <span class='ocrx_word' id='word_1_83' title='bbox 851 968 1154 1019; x_wconf 86' lang='lat' dir='ltr'>calumpniandi</span> <span class='ocrx_word' id='word_1_84' title='bbox 1187 967 1362 1006; x_wconf 89' lang='lat' dir='ltr'>materia</span> <span class='ocrx_word' id='word_1_85' title='bbox 1389 967 1496 1017; x_wconf 86' lang='lat' dir='ltr'>apud</span> <span class='ocrx_word' id='word_1_86' title='bbox 1531 970 1724 1016; x_wconf 85' lang='lat' dir='ltr'>posteros</span> <span class='ocrx_word' id='word_1_87' title='bbox 1752 964 1979 1004; x_wconf 84' lang='lat' dir='ltr'>auferatur.</span> 
     </span>
     <span class='ocr_line' id='line_1_13' title="bbox 118 1034 1979 1090; baseline -0.004 -11"><span class='ocrx_word' id='word_1_88' title='bbox 118 1041 184 1080; x_wconf 83' lang='lat' dir='ltr'>Ea</span> <span class='ocrx_word' id='word_1_89' title='bbox 216 1043 387 1090; x_wconf 89' lang='lat' dir='ltr'>propter</span> <span class='ocrx_word' id='word_1_90' title='bbox 425 1039 477 1078; x_wconf 87' lang='lat' dir='ltr'>ad</span> <span class='ocrx_word' id='word_1_91' title='bbox 512 1039 695 1077; x_wconf 88' lang='lat' dir='ltr'>notitiam</span> <span class='ocrx_word' id='word_1_92' title='bbox 735 1038 908 1077; x_wconf 88' lang='lat' dir='ltr'>omnium</span> <span class='ocrx_word' id='word_1_93' title='bbox 942 1038 1126 1087; x_wconf 90' lang='lat' dir='ltr'>cupimus</span> <span class='ocrx_word' id='word_1_94' title='bbox 1159 1036 1399 1088; x_wconf 86' lang='lat' dir='ltr'>peruenire,</span> <span class='ocrx_word' id='word_1_95' title='bbox 1441 1034 1563 1087; x_wconf 87' lang='lat' dir='ltr'>quod,</span> <span class='ocrx_word' id='word_1_96' title='bbox 1597 1046 1686 1073; x_wconf 89' lang='lat' dir='ltr'>cum</span> <span class='ocrx_word' id='word_1_97' title='bbox 1719 1034 1979 1087; x_wconf 87' lang='lat' dir='ltr'>Stephanus,</span> 
     </span>
     <span class='ocr_line' id='line_1_14' title="bbox 117 1101 1978 1147; baseline -0.003 0"><span class='ocrx_word' id='word_1_98' title='bbox 117 1108 379 1147; x_wconf 85' lang='lat' dir='ltr'>venerabilis</span> <span class='ocrx_word' id='word_1_99' title='bbox 420 1107 570 1146; x_wconf 85' lang='lat' dir='ltr'>Abbas</span> <span class='ocrx_word' id='word_1_100' title='bbox 610 1111 651 1146; x_wconf 88' lang='lat' dir='ltr'>et</span> <span class='ocrx_word' id='word_1_101' title='bbox 692 1104 937 1146; x_wconf 87' lang='lat' dir='ltr'>Conuentus</span> <span class='ocrx_word' id='word_1_102' title='bbox 986 1104 1239 1144; x_wconf 85' lang='lat' dir='ltr'>Monasterii</span> <span class='ocrx_word' id='word_1_103' title='bbox 1279 1104 1319 1140; x_wconf 91' lang='lat' dir='ltr'>in</span> <span class='ocrx_word' id='word_1_104' title='bbox 1359 1102 1607 1141; x_wconf 70' lang='lat' dir='ltr'>Lutleomizl</span> <span class='ocrx_word' id='word_1_105' title='bbox 1645 1101 1696 1140; x_wconf 85' lang='lat' dir='ltr'>de</span> <span class='ocrx_word' id='word_1_106' title='bbox 1738 1103 1845 1140; x_wconf 89' lang='lat' dir='ltr'>omni</span> <span class='ocrx_word' id='word_1_107' title='bbox 1886 1103 1978 1141; x_wconf 87' lang='lat' dir='ltr'>iure</span> 
     </span>
     <span class='ocr_line' id='line_1_15' title="bbox 118 1170 1978 1228; baseline -0.004 -13"><span class='ocrx_word' id='word_1_108' title='bbox 118 1176 401 1228; x_wconf 67' lang='lat' dir='ltr'>proprietatis,</span> <span class='ocrx_word' id='word_1_109' title='bbox 435 1175 542 1226; x_wconf 86' lang='lat' dir='ltr'>quod</span> <span class='ocrx_word' id='word_1_110' title='bbox 578 1173 735 1213; x_wconf 89' lang='lat' dir='ltr'>eisdem</span> <span class='ocrx_word' id='word_1_111' title='bbox 768 1174 809 1212; x_wconf 92' lang='lat' dir='ltr'>in</span> <span class='ocrx_word' id='word_1_112' title='bbox 843 1173 962 1212; x_wconf 89' lang='lat' dir='ltr'>bonis</span> <span class='ocrx_word' id='word_1_113' title='bbox 997 1170 1179 1210; x_wconf 62' lang='lat' dir='ltr'>Polis-lta</span> <span class='ocrx_word' id='word_1_114' title='bbox 1220 1174 1261 1209; x_wconf 87' lang='lat' dir='ltr'>et</span> <span class='ocrx_word' id='word_1_115' title='bbox 1292 1171 1479 1209; x_wconf 89' lang='lat' dir='ltr'>terminis</span> <span class='ocrx_word' id='word_1_116' title='bbox 1514 1170 1978 1223; x_wconf 83' lang='lat' dir='ltr'>circumadiacentibus,</span> 
     </span>
     <span class='ocr_line' id='line_1_16' title="bbox 117 1236 1979 1292; baseline -0.003 -9"><span class='ocrx_word' id='word_1_117' title='bbox 117 1244 317 1283; x_wconf 86' lang='lat' dir='ltr'>videlicet</span> <span class='ocrx_word' id='word_1_118' title='bbox 358 1246 448 1281; x_wconf 91' lang='lat' dir='ltr'>ortu</span> <span class='ocrx_word' id='word_1_119' title='bbox 485 1244 634 1281; x_wconf 75' lang='lat' dir='ltr'>Dezne</span> <span class='ocrx_word' id='word_1_120' title='bbox 673 1252 807 1292; x_wconf 87' lang='lat' dir='ltr'>usque</span> <span class='ocrx_word' id='word_1_121' title='bbox 840 1240 892 1280; x_wconf 86' lang='lat' dir='ltr'>ad</span> <span class='ocrx_word' id='word_1_122' title='bbox 934 1237 1095 1278; x_wconf 90' lang='lat' dir='ltr'>fluuium</span> <span class='ocrx_word' id='word_1_123' title='bbox 1130 1237 1392 1285; x_wconf 73' lang='lat' dir='ltr'>Zwmllwnz,</span> <span class='ocrx_word' id='word_1_124' title='bbox 1435 1238 1588 1277; x_wconf 86' lang='lat' dir='ltr'>deinde</span> <span class='ocrx_word' id='word_1_125' title='bbox 1628 1236 1802 1277; x_wconf 81' lang='lat' dir='ltr'>inferius</span> <span class='ocrx_word' id='word_1_126' title='bbox 1843 1250 1979 1289; x_wconf 70' lang='lat' dir='ltr'>Vsque</span> 
     </span>
     <span class='ocr_line' id='line_1_17' title="bbox 118 1305 1979 1362; baseline -0.003 -12"><span class='ocrx_word' id='word_1_127' title='bbox 118 1323 261 1362; x_wconf 89' lang='lat' dir='ltr'>ryuum</span> <span class='ocrx_word' id='word_1_128' title='bbox 300 1309 556 1360; x_wconf 72' lang='lat' dir='ltr'>Stralzwiov,</span> <span class='ocrx_word' id='word_1_129' title='bbox 597 1313 639 1349; x_wconf 90' lang='lat' dir='ltr'>et</span> <span class='ocrx_word' id='word_1_130' title='bbox 677 1309 730 1348; x_wconf 86' lang='lat' dir='ltr'>ab</span> <span class='ocrx_word' id='word_1_131' title='bbox 769 1309 866 1348; x_wconf 86' lang='lat' dir='ltr'>inde</span> <span class='ocrx_word' id='word_1_132' title='bbox 909 1312 1055 1347; x_wconf 89' lang='lat' dir='ltr'>contra</span> <span class='ocrx_word' id='word_1_133' title='bbox 1095 1307 1214 1346; x_wconf 87' lang='lat' dir='ltr'>albos</span> <span class='ocrx_word' id='word_1_134' title='bbox 1261 1307 1424 1357; x_wconf 87' lang='lat' dir='ltr'>lapides</span> <span class='ocrx_word' id='word_1_135' title='bbox 1465 1311 1506 1345; x_wconf 89' lang='lat' dir='ltr'>et</span> <span class='ocrx_word' id='word_1_136' title='bbox 1546 1318 1680 1358; x_wconf 81' lang='lat' dir='ltr'>vsque</span> <span class='ocrx_word' id='word_1_137' title='bbox 1722 1306 1775 1345; x_wconf 90' lang='lat' dir='ltr'>ad</span> <span class='ocrx_word' id='word_1_138' title='bbox 1816 1305 1979 1345; x_wconf 88' lang='lat' dir='ltr'>fluuium</span> 
     </span>
     <span class='ocr_line' id='line_1_18' title="bbox 117 1376 1979 1430; baseline -0.002 -12"><span class='ocrx_word' id='word_1_139' title='bbox 117 1380 383 1430; x_wconf 56' lang='lat' dir='ltr'>Zwytaumm</span> <span class='ocrx_word' id='word_1_140' title='bbox 425 1389 500 1429; x_wconf 87' lang='lat' dir='ltr'>per</span> <span class='ocrx_word' id='word_1_141' title='bbox 541 1376 687 1417; x_wconf 83' lang='lat' dir='ltr'>fideles</span> <span class='ocrx_word' id='word_1_142' title='bbox 729 1381 896 1416; x_wconf 92' lang='lat' dir='ltr'>nostros</span> <span class='ocrx_word' id='word_1_143' title='bbox 936 1378 1217 1416; x_wconf 88' lang='lat' dir='ltr'>Hermannum</span> <span class='ocrx_word' id='word_1_144' title='bbox 1259 1380 1302 1415; x_wconf 90' lang='lat' dir='ltr'>et</span> <span class='ocrx_word' id='word_1_145' title='bbox 1339 1388 1640 1427; x_wconf 68' lang='lat' dir='ltr'>ymmrammum</span> <span class='ocrx_word' id='word_1_146' title='bbox 1689 1380 1730 1415; x_wconf 92' lang='lat' dir='ltr'>et</span> <span class='ocrx_word' id='word_1_147' title='bbox 1779 1376 1979 1427; x_wconf 85' lang='lat' dir='ltr'>quosdam</span> 
     </span>
     <span class='ocr_line' id='line_1_19' title="bbox 116 1445 1978 1498; baseline -0.001 -12"><span class='ocrx_word' id='word_1_148' title='bbox 116 1448 223 1486; x_wconf 83' lang='lat' dir='ltr'>alios</span> <span class='ocrx_word' id='word_1_149' title='bbox 267 1447 474 1486; x_wconf 86' lang='lat' dir='ltr'>violenter</span> <span class='ocrx_word' id='word_1_150' title='bbox 521 1449 685 1485; x_wconf 82' lang='lat' dir='ltr'>actinus</span> <span class='ocrx_word' id='word_1_151' title='bbox 733 1447 964 1498; x_wconf 84' lang='lat' dir='ltr'>occupatis,</span> <span class='ocrx_word' id='word_1_152' title='bbox 1014 1446 1224 1484; x_wconf 87' lang='lat' dir='ltr'>cesserint</span> <span class='ocrx_word' id='word_1_153' title='bbox 1271 1449 1315 1483; x_wconf 87' lang='lat' dir='ltr'>et</span> <span class='ocrx_word' id='word_1_154' title='bbox 1362 1445 1696 1484; x_wconf 85' lang='lat' dir='ltr'>renuntiauerint</span> <span class='ocrx_word' id='word_1_155' title='bbox 1743 1448 1978 1495; x_wconf 85' lang='lat' dir='ltr'>spontanea</span> 
     </span>
     <span class='ocr_line' id='line_1_20' title="bbox 117 1512 1978 1565; baseline -0.002 -10"><span class='ocrx_word' id='word_1_156' title='bbox 117 1516 351 1555; x_wconf 85' lang='lat' dir='ltr'>voluntate:</span> <span class='ocrx_word' id='word_1_157' title='bbox 385 1515 474 1554; x_wconf 88' lang='lat' dir='ltr'>Nos</span> <span class='ocrx_word' id='word_1_158' title='bbox 500 1516 540 1554; x_wconf 91' lang='lat' dir='ltr'>in</span> <span class='ocrx_word' id='word_1_159' title='bbox 574 1515 653 1554; x_wconf 87' lang='lat' dir='ltr'>hiis</span> <span class='ocrx_word' id='word_1_160' title='bbox 676 1515 853 1554; x_wconf 80' lang='lat' dir='ltr'>Abbatis</span> <span class='ocrx_word' id='word_1_161' title='bbox 880 1519 922 1553; x_wconf 91' lang='lat' dir='ltr'>et</span> <span class='ocrx_word' id='word_1_162' title='bbox 949 1512 1195 1554; x_wconf 88' lang='lat' dir='ltr'>Conuentus</span> <span class='ocrx_word' id='word_1_163' title='bbox 1222 1513 1501 1565; x_wconf 84' lang='lat' dir='ltr'>predictorum</span> <span class='ocrx_word' id='word_1_164' title='bbox 1530 1513 1765 1552; x_wconf 85' lang='lat' dir='ltr'>deuotionis</span> <span class='ocrx_word' id='word_1_165' title='bbox 1790 1512 1978 1552; x_wconf 82' lang='lat' dir='ltr'>affectum</span> 
     </span>
     <span class='ocr_line' id='line_1_21' title="bbox 117 1581 1978 1638; baseline -0.002 -15"><span class='ocrx_word' id='word_1_166' title='bbox 117 1588 244 1638; x_wconf 83' lang='lat' dir='ltr'>grato</span> <span class='ocrx_word' id='word_1_167' title='bbox 286 1585 420 1623; x_wconf 89' lang='lat' dir='ltr'>animo</span> <span class='ocrx_word' id='word_1_168' title='bbox 461 1584 731 1638; x_wconf 68' lang='lat' dir='ltr'>colligentes,</span> <span class='ocrx_word' id='word_1_169' title='bbox 771 1588 816 1623; x_wconf 80' lang='lat' dir='ltr'>vt</span> <span class='ocrx_word' id='word_1_170' title='bbox 856 1583 986 1622; x_wconf 87' lang='lat' dir='ltr'>nostri</span> <span class='ocrx_word' id='word_1_171' title='bbox 1037 1581 1195 1622; x_wconf 87' lang='lat' dir='ltr'>fauoris</span> <span class='ocrx_word' id='word_1_172' title='bbox 1239 1583 1397 1636; x_wconf 83' lang='lat' dir='ltr'>gratia,</span> <span class='ocrx_word' id='word_1_173' title='bbox 1439 1593 1516 1633; x_wconf 83' lang='lat' dir='ltr'>qua</span> <span class='ocrx_word' id='word_1_174' title='bbox 1563 1582 1787 1632; x_wconf 85' lang='lat' dir='ltr'>predictum</span> <span class='ocrx_word' id='word_1_175' title='bbox 1821 1583 1978 1621; x_wconf 84' lang='lat' dir='ltr'>Mona-</span> 
     </span>
     <span class='ocr_line' id='line_1_22' title="bbox 115 1651 1978 1706; baseline -0.002 -14"><span class='ocrx_word' id='word_1_176' title='bbox 115 1653 285 1692; x_wconf 89' lang='lat' dir='ltr'>stcrium</span> <span class='ocrx_word' id='word_1_177' title='bbox 318 1654 623 1706; x_wconf 71' lang='lat' dir='ltr'>prosequimur,</span> <span class='ocrx_word' id='word_1_178' title='bbox 667 1656 872 1703; x_wconf 83' lang='lat' dir='ltr'>appareat</span> <span class='ocrx_word' id='word_1_179' title='bbox 905 1652 1141 1691; x_wconf 88' lang='lat' dir='ltr'>euidentius</span> <span class='ocrx_word' id='word_1_180' title='bbox 1181 1663 1349 1702; x_wconf 88' lang='lat' dir='ltr'>operum</span> <span class='ocrx_word' id='word_1_181' title='bbox 1383 1651 1662 1704; x_wconf 80' lang='lat' dir='ltr'>argumentis,</span> <span class='ocrx_word' id='word_1_182' title='bbox 1697 1655 1823 1701; x_wconf 82' lang='lat' dir='ltr'>atque</span> <span class='ocrx_word' id='word_1_183' title='bbox 1857 1651 1978 1688; x_wconf 87' lang='lat' dir='ltr'>etiam</span> 
     </span>
     <span class='ocr_line' id='line_1_23' title="bbox 116 1718 1977 1773; baseline -0.003 -12"><span class='ocrx_word' id='word_1_184' title='bbox 116 1726 161 1761; x_wconf 90' lang='lat' dir='ltr'>vt</span> <span class='ocrx_word' id='word_1_185' title='bbox 194 1719 329 1761; x_wconf 85' lang='lat' dir='ltr'>fidelia</span> <span class='ocrx_word' id='word_1_186' title='bbox 370 1726 413 1760; x_wconf 91' lang='lat' dir='ltr'>et</span> <span class='ocrx_word' id='word_1_187' title='bbox 444 1721 598 1761; x_wconf 88' lang='lat' dir='ltr'>deuota</span> <span class='ocrx_word' id='word_1_188' title='bbox 640 1721 858 1773; x_wconf 85' lang='lat' dir='ltr'>obsequia,</span> <span class='ocrx_word' id='word_1_189' title='bbox 892 1731 972 1771; x_wconf 85' lang='lat' dir='ltr'>que</span> <span class='ocrx_word' id='word_1_190' title='bbox 1005 1718 1192 1771; x_wconf 81' lang='lat' dir='ltr'>prefatus</span> <span class='ocrx_word' id='word_1_191' title='bbox 1236 1720 1371 1759; x_wconf 84' lang='lat' dir='ltr'>abbas</span> <span class='ocrx_word' id='word_1_192' title='bbox 1405 1720 1526 1758; x_wconf 88' lang='lat' dir='ltr'>nobis</span> <span class='ocrx_word' id='word_1_193' title='bbox 1561 1719 1763 1771; x_wconf 80' lang='lat' dir='ltr'>exhibuit,</span> <span class='ocrx_word' id='word_1_194' title='bbox 1798 1730 1977 1757; x_wconf 89' lang='lat' dir='ltr'>commo-</span> 
     </span>
     <span class='ocr_line' id='line_1_24' title="bbox 116 1788 1976 1842; baseline -0.003 -13"><span class='ocrx_word' id='word_1_195' title='bbox 116 1789 256 1829; x_wconf 89' lang='lat' dir='ltr'>ditatis</span> <span class='ocrx_word' id='word_1_196' title='bbox 296 1788 471 1829; x_wconf 85' lang='lat' dir='ltr'>sructum</span> <span class='ocrx_word' id='word_1_197' title='bbox 511 1788 688 1830; x_wconf 80' lang='lat' dir='ltr'>afferant</span> <span class='ocrx_word' id='word_1_198' title='bbox 736 1789 920 1828; x_wconf 88' lang='lat' dir='ltr'>ecclesie</span> <span class='ocrx_word' id='word_1_199' title='bbox 970 1793 1206 1842; x_wconf 84' lang='lat' dir='ltr'>memorate,</span> <span class='ocrx_word' id='word_1_200' title='bbox 1255 1788 1306 1827; x_wconf 89' lang='lat' dir='ltr'>de</span> <span class='ocrx_word' id='word_1_201' title='bbox 1353 1789 1474 1827; x_wconf 89' lang='lat' dir='ltr'>bonis</span> <span class='ocrx_word' id='word_1_202' title='bbox 1517 1788 1684 1840; x_wconf 79' lang='lat' dir='ltr'>nostriS,</span> <span class='ocrx_word' id='word_1_203' title='bbox 1733 1798 1813 1838; x_wconf 85' lang='lat' dir='ltr'>que</span> <span class='ocrx_word' id='word_1_204' title='bbox 1861 1788 1976 1826; x_wconf 87' lang='lat' dir='ltr'>circa</span> 
     </span>
     <span class='ocr_line' id='line_1_25' title="bbox 116 1855 1974 1911; baseline -0.003 -12"><span class='ocrx_word' id='word_1_205' title='bbox 116 1859 360 1910; x_wconf 83' lang='lat' dir='ltr'>prelibatam</span> <span class='ocrx_word' id='word_1_206' title='bbox 400 1858 610 1898; x_wconf 85' lang='lat' dir='ltr'>Poliskam</span> <span class='ocrx_word' id='word_1_207' title='bbox 651 1859 864 1909; x_wconf 80' lang='lat' dir='ltr'>habemus,</span> <span class='ocrx_word' id='word_1_208' title='bbox 905 1858 1138 1911; x_wconf 80' lang='lat' dir='ltr'>sexaginta</span> <span class='ocrx_word' id='word_1_209' title='bbox 1178 1857 1327 1896; x_wconf 89' lang='lat' dir='ltr'>laneos</span> <span class='ocrx_word' id='word_1_210' title='bbox 1367 1861 1444 1894; x_wconf 84' lang='lat' dir='ltr'>tam</span> <span class='ocrx_word' id='word_1_211' title='bbox 1481 1856 1532 1895; x_wconf 90' lang='lat' dir='ltr'>de</span> <span class='ocrx_word' id='word_1_212' title='bbox 1576 1856 1666 1894; x_wconf 81' lang='lat' dir='ltr'>rudi</span> <span class='ocrx_word' id='word_1_213' title='bbox 1700 1855 1820 1908; x_wconf 89' lang='lat' dir='ltr'>silua,</span> <span class='ocrx_word' id='word_1_214' title='bbox 1855 1867 1974 1906; x_wconf 78' lang='lat' dir='ltr'>quam</span> 
     </span>
     <span class='ocr_line' id='line_1_26' title="bbox 116 1921 1975 1981; baseline -0.002 -15"><span class='ocrx_word' id='word_1_215' title='bbox 116 1927 169 1966; x_wconf 89' lang='lat' dir='ltr'>de</span> <span class='ocrx_word' id='word_1_216' title='bbox 208 1927 315 1967; x_wconf 84' lang='lat' dir='ltr'>silua</span> <span class='ocrx_word' id='word_1_217' title='bbox 357 1929 604 1981; x_wconf 83' lang='lat' dir='ltr'>exstirpata,</span> <span class='ocrx_word' id='word_1_218' title='bbox 646 1929 753 1966; x_wconf 88' lang='lat' dir='ltr'>inter</span> <span class='ocrx_word' id='word_1_219' title='bbox 794 1928 948 1966; x_wconf 79' lang='lat' dir='ltr'>Latum</span> <span class='ocrx_word' id='word_1_220' title='bbox 989 1926 1138 1964; x_wconf 86' lang='lat' dir='ltr'>vallem</span> <span class='ocrx_word' id='word_1_221' title='bbox 1179 1930 1324 1964; x_wconf 86' lang='lat' dir='ltr'>contra</span> <span class='ocrx_word' id='word_1_222' title='bbox 1370 1932 1499 1963; x_wconf 85' lang='lat' dir='ltr'>ortum</span> <span class='ocrx_word' id='word_1_223' title='bbox 1544 1925 1694 1963; x_wconf 60' lang='lat' dir='ltr'>Det-ue</span> <span class='ocrx_word' id='word_1_224' title='bbox 1733 1928 1774 1963; x_wconf 93' lang='lat' dir='ltr'>ct</span> <span class='ocrx_word' id='word_1_225' title='bbox 1813 1921 1975 1962; x_wconf 86' lang='lat' dir='ltr'>fluuium</span> 
     </span>
     <span class='ocr_line' id='line_1_27' title="bbox 116 1993 1974 2049; baseline -0.002 -15"><span class='ocrx_word' id='word_1_226' title='bbox 116 1995 370 2035; x_wconf 81' lang='lat' dir='ltr'>Boroumice</span> <span class='ocrx_word' id='word_1_227' title='bbox 414 1997 533 2049; x_wconf 79' lang='lat' dir='ltr'>sitos,</span> <span class='ocrx_word' id='word_1_228' title='bbox 584 1995 837 2035; x_wconf 86' lang='lat' dir='ltr'>monasterio</span> <span class='ocrx_word' id='word_1_229' title='bbox 884 2007 1013 2045; x_wconf 87' lang='lat' dir='ltr'>supra</span> <span class='ocrx_word' id='word_1_230' title='bbox 1057 1994 1165 2032; x_wconf 80' lang='lat' dir='ltr'>dicto</span> <span class='ocrx_word' id='word_1_231' title='bbox 1215 1994 1458 2032; x_wconf 88' lang='lat' dir='ltr'>contulimus</span> <span class='ocrx_word' id='word_1_232' title='bbox 1506 1993 1555 2031; x_wconf 84' lang='lat' dir='ltr'>ad</span> <span class='ocrx_word' id='word_1_233' title='bbox 1603 2005 1704 2031; x_wconf 80' lang='lat' dir='ltr'>vsus</span> <span class='ocrx_word' id='word_1_234' title='bbox 1747 1997 1974 2043; x_wconf 84' lang='lat' dir='ltr'>perpetuos</span> 
     </span>
     <span class='ocr_line' id='line_1_28' title="bbox 117 2062 1973 2114; baseline -0.001 -13"><span class='ocrx_word' id='word_1_235' title='bbox 117 2064 406 2114; x_wconf 83' lang='lat' dir='ltr'>possidendos.</span> <span class='ocrx_word' id='word_1_236' title='bbox 472 2065 519 2103; x_wconf 89' lang='lat' dir='ltr'>In</span> <span class='ocrx_word' id='word_1_237' title='bbox 560 2065 679 2103; x_wconf 83' lang='lat' dir='ltr'>cuius</span> <span class='ocrx_word' id='word_1_238' title='bbox 717 2066 777 2103; x_wconf 89' lang='lat' dir='ltr'>rei</span> <span class='ocrx_word' id='word_1_239' title='bbox 812 2064 1062 2102; x_wconf 85' lang='lat' dir='ltr'>euidentiam</span> <span class='ocrx_word' id='word_1_240' title='bbox 1102 2062 1320 2100; x_wconf 88' lang='lat' dir='ltr'>clariorem</span> <span class='ocrx_word' id='word_1_241' title='bbox 1355 2068 1592 2112; x_wconf 84' lang='lat' dir='ltr'>presentem</span> <span class='ocrx_word' id='word_1_242' title='bbox 1633 2062 1833 2114; x_wconf 81' lang='lat' dir='ltr'>pagInam</span> <span class='ocrx_word' id='word_1_243' title='bbox 1868 2072 1973 2099; x_wconf 85' lang='lat' dir='ltr'>con-</span> 
     </span>
     <span class='ocr_line' id='line_1_29' title="bbox 116 2129 1975 2185; baseline -0.002 -15"><span class='ocrx_word' id='word_1_244' title='bbox 116 2131 244 2170; x_wconf 86' lang='lat' dir='ltr'>scribi</span> <span class='ocrx_word' id='word_1_245' title='bbox 277 2130 463 2185; x_wconf 88' lang='lat' dir='ltr'>fecimus,</span> <span class='ocrx_word' id='word_1_246' title='bbox 505 2138 545 2170; x_wconf 88' lang='lat' dir='ltr'>et</span> <span class='ocrx_word' id='word_1_247' title='bbox 578 2138 811 2171; x_wconf 87' lang='lat' dir='ltr'>nostrorum</span> <span class='ocrx_word' id='word_1_248' title='bbox 851 2131 1082 2184; x_wconf 78' lang='lat' dir='ltr'>sigillorum</span> <span class='ocrx_word' id='word_1_249' title='bbox 1123 2130 1339 2168; x_wconf 86' lang='lat' dir='ltr'>munimine</span> <span class='ocrx_word' id='word_1_250' title='bbox 1384 2130 1588 2168; x_wconf 77' lang='lat' dir='ltr'>roborari.</span> <span class='ocrx_word' id='word_1_251' title='bbox 1652 2129 1808 2168; x_wconf 78' lang='lat' dir='ltr'>Testes</span> <span class='ocrx_word' id='word_1_252' title='bbox 1843 2130 1975 2182; x_wconf 76' lang='lat' dir='ltr'>igitur</span> 
     </span>
     <span class='ocr_line' id='line_1_30' title="bbox 116 2197 1973 2251; baseline -0.001 -13"><span class='ocrx_word' id='word_1_253' title='bbox 116 2199 349 2238; x_wconf 87' lang='lat' dir='ltr'>collationis</span> <span class='ocrx_word' id='word_1_254' title='bbox 383 2206 525 2238; x_wconf 85' lang='lat' dir='ltr'>nostre</span> <span class='ocrx_word' id='word_1_255' title='bbox 558 2205 675 2239; x_wconf 83' lang='lat' dir='ltr'>sunt:</span> <span class='ocrx_word' id='word_1_256' title='bbox 716 2199 930 2251; x_wconf 82' lang='lat' dir='ltr'>Andreas,</span> <span class='ocrx_word' id='word_1_257' title='bbox 966 2199 1135 2237; x_wconf 88' lang='lat' dir='ltr'>Boemie</span> <span class='ocrx_word' id='word_1_258' title='bbox 1169 2197 1452 2237; x_wconf 82' lang='lat' dir='ltr'>Camerarius.</span> <span class='ocrx_word' id='word_1_259' title='bbox 1499 2199 1680 2251; x_wconf 67' lang='lat' dir='ltr'>Vlricus,</span> <span class='ocrx_word' id='word_1_260' title='bbox 1717 2200 1973 2251; x_wconf 72' lang='lat' dir='ltr'>purgrauius</span> 
     </span>
     <span class='ocr_line' id='line_1_31' title="bbox 117 2265 1972 2320; baseline -0.001 -14"><span class='ocrx_word' id='word_1_261' title='bbox 117 2267 367 2320; x_wconf 81' lang='lat' dir='ltr'>pragensis.</span> <span class='ocrx_word' id='word_1_262' title='bbox 390 2268 837 2320; x_wconf 71' lang='lat' dir='ltr'>Hau-tlelius,][oi·auie</span> <span class='ocrx_word' id='word_1_263' title='bbox 855 2266 1136 2307; x_wconf 81' lang='lat' dir='ltr'>Camerarius.</span> <span class='ocrx_word' id='word_1_264' title='bbox 1154 2267 1382 2319; x_wconf 73' lang='lat' dir='ltr'>IerozlauS.</span> <span class='ocrx_word' id='word_1_265' title='bbox 1403 2265 1666 2307; x_wconf 80' lang='lat' dir='ltr'>t&#39;raterGalli.</span> <span class='ocrx_word' id='word_1_266' title='bbox 1688 2267 1972 2319; x_wconf 80' lang='lat' dir='ltr'>Burcliardus,</span> 
     </span>
     <span class='ocr_line' id='line_1_32' title="bbox 116 2335 1972 2389; baseline -0.001 -14"><span class='ocrx_word' id='word_1_267' title='bbox 116 2336 385 2376; x_wconf 85' lang='lat' dir='ltr'>Marscalcus</span> <span class='ocrx_word' id='word_1_268' title='bbox 438 2337 620 2375; x_wconf 86' lang='lat' dir='ltr'>Boemie.</span> <span class='ocrx_word' id='word_1_269' title='bbox 671 2337 877 2374; x_wconf 82' lang='lat' dir='ltr'>Bawarus</span> <span class='ocrx_word' id='word_1_270' title='bbox 929 2335 981 2374; x_wconf 90' lang='lat' dir='ltr'>de</span> <span class='ocrx_word' id='word_1_271' title='bbox 1028 2335 1282 2375; x_wconf 83' lang='lat' dir='ltr'>Straconitz.</span> <span class='ocrx_word' id='word_1_272' title='bbox 1333 2335 1494 2389; x_wconf 84' lang='lat' dir='ltr'>Gallus,</span> <span class='ocrx_word' id='word_1_273' title='bbox 1544 2337 1744 2385; x_wconf 80' lang='lat' dir='ltr'>pincerna</span> <span class='ocrx_word' id='word_1_274' title='bbox 1789 2337 1972 2374; x_wconf 88' lang='lat' dir='ltr'>Boemie.</span> 
     </span>
     <span class='ocr_line' id='line_1_33' title="bbox 116 2401 1972 2457; baseline -0.001 -13"><span class='ocrx_word' id='word_1_275' title='bbox 116 2405 333 2457; x_wconf 87' lang='lat' dir='ltr'>Albertus,</span> <span class='ocrx_word' id='word_1_276' title='bbox 368 2404 633 2457; x_wconf 80' lang='lat' dir='ltr'>Purgrauius</span> <span class='ocrx_word' id='word_1_277' title='bbox 668 2404 719 2442; x_wconf 84' lang='lat' dir='ltr'>de</span> <span class='ocrx_word' id='word_1_278' title='bbox 754 2401 954 2457; x_wconf 86' lang='lat' dir='ltr'>Castello,</span> <span class='ocrx_word' id='word_1_279' title='bbox 989 2408 1029 2444; x_wconf 86' lang='lat' dir='ltr'>ct</span> <span class='ocrx_word' id='word_1_280' title='bbox 1061 2404 1367 2457; x_wconf 63' lang='grc' dir='ltr'>ΤΙιεοιὶοΓίοιις7</span> <span class='ocrx_word' id='word_1_281' title='bbox 1401 2403 1532 2443; x_wconf 83' lang='lat' dir='ltr'>frater</span> <span class='ocrx_word' id='word_1_282' title='bbox 1555 2417 1669 2450; x_wconf 72' lang='lat' dir='ltr'>suus,</span> <span class='ocrx_word' id='word_1_283' title='bbox 1705 2405 1972 2457; x_wconf 68' lang='lat' dir='ltr'>Purgrauius</span> 
     </span>
     <span class='ocr_line' id='line_1_34' title="bbox 115 2471 1971 2526; baseline -0.002 -14"><span class='ocrx_word' id='word_1_284' title='bbox 115 2473 157 2512; x_wconf 90' lang='lat' dir='ltr'>in</span> <span class='ocrx_word' id='word_1_285' title='bbox 189 2473 337 2513; x_wconf 86' lang='lat' dir='ltr'>Ponte.</span> <span class='ocrx_word' id='word_1_286' title='bbox 377 2474 579 2512; x_wconf 84' lang='lat' dir='ltr'>Albertus</span> <span class='ocrx_word' id='word_1_287' title='bbox 620 2477 661 2512; x_wconf 91' lang='lat' dir='ltr'>et</span> <span class='ocrx_word' id='word_1_288' title='bbox 694 2473 924 2526; x_wconf 83' lang='lat' dir='ltr'>Ierozlaus,</span> <span class='ocrx_word' id='word_1_289' title='bbox 965 2471 1032 2512; x_wconf 81' lang='lat' dir='ltr'>filii</span> <span class='ocrx_word' id='word_1_290' title='bbox 1066 2473 1257 2523; x_wconf 77' lang='lat' dir='ltr'>Dezslay</span> <span class='ocrx_word' id='word_1_291' title='bbox 1296 2472 1348 2512; x_wconf 80' lang='lat' dir='ltr'>(le</span> <span class='ocrx_word' id='word_1_292' title='bbox 1381 2473 1715 2513; x_wconf 80' lang='lat' dir='ltr'>Sternenbercli.</span> <span class='ocrx_word' id='word_1_293' title='bbox 1763 2473 1971 2510; x_wconf 78' lang='lat' dir='ltr'>Diuissins</span> 
     </span>
     <span class='ocr_line' id='line_1_35' title="bbox 115 2540 1971 2594; baseline -0.003 -12"><span class='ocrx_word' id='word_1_294' title='bbox 115 2540 305 2594; x_wconf 82' lang='lat' dir='ltr'>Dapifer.</span> <span class='ocrx_word' id='word_1_295' title='bbox 338 2542 540 2582; x_wconf 88' lang='lat' dir='ltr'>Dizslaus</span> <span class='ocrx_word' id='word_1_296' title='bbox 565 2542 642 2581; x_wconf 89' lang='lat' dir='ltr'>sub</span> <span class='ocrx_word' id='word_1_297' title='bbox 669 2541 950 2581; x_wconf 81' lang='lat' dir='ltr'>Marscalcus.</span> <span class='ocrx_word' id='word_1_298' title='bbox 984 2541 1098 2582; x_wconf 89' lang='lat' dir='ltr'>Onso</span> <span class='ocrx_word' id='word_1_299' title='bbox 1125 2541 1421 2592; x_wconf 84' lang='lat' dir='ltr'>subpincerna.</span> <span class='ocrx_word' id='word_1_300' title='bbox 1457 2540 1723 2591; x_wconf 70' lang='lat' dir='ltr'>chunradus,</span> <span class='ocrx_word' id='word_1_301' title='bbox 1753 2540 1971 2592; x_wconf 79' lang='lat' dir='ltr'>Magister</span> 
     </span>
    </p>
   </div>
   <div class='ocr_carea' id='block_1_6' title="bbox 1687 2606 1761 2647">
    <p class='ocr_par' dir='ltr' id='par_1_6' title="bbox 1687 2606 1761 2647">
     <span class='ocr_line' id='line_1_36' title="bbox 1694 2606 1760 2621; baseline 0.015 -1"><span class='ocrx_word' id='word_1_302' title='bbox 1694 2608 1714 2618; x_wconf 65' lang='lat'>-1</span> <span class='ocrx_word' id='word_1_303' title='bbox 1732 2606 1760 2621; x_wconf 51' lang='grc' dir='ltr'>δ’,</span> 
     </span>
     <span class='ocr_line' id='line_1_37' title="bbox 1687 2622 1761 2647; baseline 0 -10"><span class='ocrx_word' id='word_1_304' title='bbox 1687 2622 1761 2647; x_wconf 61' lang='grc' dir='ltr'>ΟἿΡ</span> 
     </span>
    </p>
   </div>
  </div>
 </body>
</html>
