2138 2845
964 182 1061 222 165

86 327 386 367 execucionem
434 325 528 365 mihi
575 337 601 364 a
648 324 808 364 domino
857 335 967 378 rege
1014 324 1268 363 commissam
1311 323 1350 361 in
1394 323 1651 373 corporalem
1700 326 1741 362 et
1782 322 1944 374 plenam

87 397 402 447 possessionem
442 394 584 434 induxi
617 395 790 433 omnium
829 394 1134 444 premissorum.
1196 392 1290 430 Hiis
1331 392 1471 442 itaque
1513 392 1696 442 peractis
1736 392 1945 430 ciuitatem

89 464 403 503 olomucensem
460 474 549 502 cum
599 463 719 502 dictis
775 462 979 501 nobilibus
1036 464 1078 500 et
1125 457 1405 499 beneficiariis
1463 458 1602 500 Castri
1654 458 1849 499 Olomucz
1894 469 1945 499 ac

86 531 225 571 iudice
258 536 300 571 et
331 531 493 570 ciuibus
526 530 700 582 prefatis
727 531 891 583 exiens,
925 534 966 569 et
997 528 1223 569 secundum
1250 532 1435 568 tenorem
1470 528 1667 567 dictorum
1694 528 1946 581 priuilegio-

88 612 175 640 rum
209 611 284 651 per
323 601 457 639 omnia
489 610 552 639 me
592 610 770 653 regens⁷
804 603 945 638 certas
984 602 1116 638 metas
1151 595 1301 648 prefati
1343 597 1582 637 monasterii
1622 601 1702 635 tam
1743 597 1783 635 in
1823 596 1946 650 agris

91 679 209 720 quam
249 669 290 708 in
332 669 451 720 aquis
491 668 716 707 secundum
760 668 823 706 ius
857 672 971 706 terre
1004 678 1080 718 per
1113 677 1293 705 aceruos
1328 666 1394 717 qui
1428 665 1563 719 vvlgo
1596 664 1721 715 kopci
1755 664 1947 704 (licuntur

89 737 273 786 distinxi,
307 741 349 775 et
381 737 599 775 distinctas
627 736 797 787 precepi
831 736 908 775 sub
934 747 1041 786 pena
1075 736 1116 774 in
1141 735 1242 785 ipsis
1276 734 1512 787 priuilegiis
1538 737 1748 786 contenta7
1783 745 1806 772 a
1840 733 1947 771 clui-

89 805 168 844 bus
202 805 546 845 Olomucensibus
587 809 629 844 et
662 805 848 844 omnibus
888 804 980 843 aliis
1015 804 1307 843 inuiolabiliter
1346 803 1578 842 obseruari.
1643 802 1691 840 In
1733 802 1800 840 die
1841 812 1946 840 vero

89 874 281 925 sequenti
315 873 540 912 secundum
575 873 802 924 predictum
831 872 1062 912 mandatum
1098 884 1178 911 vna
1213 872 1403 910 cumiani
1438 871 1558 909 dictis
1591 874 1705 909 terre
1740 870 1947 908 nobilibus

88 945 213 993 atque
246 942 376 981 castri
410 942 699 981 Olomucensis
733 940 1014 980 beneficiariis
1047 940 1096 980 ad
1133 940 1268 979 villam
1302 939 1557 990 Byslrowzce:
1589 949 1708 990 quam
1733 938 1948 976 Robertus

89 1011 157 1061 pie
190 1011 384 1049 memorie
424 1010 627 1062 quondam
667 1010 798 1050 abbas
839 1009 1116 1050 Gradieensis
1159 1020 1183 1046 a
1217 1007 1378 1046 ciuibus
1419 1006 1763 1045 Oloinucensibus
1806 1006 1947 1056 precio

89 1080 359 1132 comparauit7
392 1090 511 1130 quam
545 1080 677 1119 eciam
710 1079 1005 1118 serenissimus
1038 1088 1117 1115 rex
1150 1077 1343 1125 superius
1378 1075 1606 1114 nominatus
1640 1074 1692 1113 de
1725 1086 1801 1112 sua
1837 1085 1949 1112 mera

89 1147 341 1187 liberalitate
375 1148 562 1198 predicte
596 1147 780 1186 ecclesie
815 1145 1067 1187 Gradicensi
1101 1156 1176 1183 suo
1212 1143 1435 1196 priuilegio
1465 1141 1733 1195 confirmauit,
1767 1143 1949 1194 accessi,

90 1227 141 1255 ac
166 1216 298 1267 ipsam
332 1227 387 1255 ex
411 1220 528 1266 parte
561 1216 666 1253 silue
690 1215 844 1253 Holice
876 1214 1024 1253 domini
1053 1214 1175 1266 regis
1210 1217 1251 1251 et
1282 1209 1472 1250 beneficii
1506 1212 1635 1250 castri
1662 1210 1951 1250 Olofflucensis

90 1283 198 1335 quod
223 1284 360 1337 vvlgo
393 1283 542 1322 dicitur
567 1282 765 1321 Podstole
800 1282 907 1332 quod
941 1286 1056 1321 tenet
1089 1281 1275 1320 dominus
1304 1281 1413 1333 Don,
1447 1284 1489 1318 et
1521 1291 1577 1318 ex
1611 1283 1729 1330 parte
1763 1279 1951 1318 villarum

89 1351 307 1402 Hodinan,
334 1350 647 1401 Chwalchoriz,
671 1349 877 1401 Bokwcm,
911 1352 950 1388 el
973 1350 1149 1400 Byslriz
1183 1349 1370 1399 plenarie
1398 1349 1584 1401 circuiui,
1619 1359 1758 1386 coram
1789 1348 1951 1400 quibus7

91 1424 233 1459 certos
273 1420 472 1459 terminos
505 1419 735 1458 secundum
773 1422 888 1458 terre
921 1417 1262 1457 consuetudinem
1305 1428 1381 1468 per
1413 1428 1593 1456 aceruos
1637 1416 1705 1468 qui
1749 1419 1790 1455 et
1828 1415 1951 1466 kopci

89 1488 332 1543 vvlgariter
371 1488 635 1539 appellantur
675 1488 857 1539 vndique
897 1487 1151 1541 consignaui
1200 1487 1440 1537 precipiens
1489 1485 1676 1524 omnibus
1724 1484 1801 1524 sub
1843 1495 1952 1536 pena

90 1559 287 1609 superius
336 1558 575 1611 assignata,
615 1567 668 1596 ne
708 1556 857 1608 aliquis
896 1557 937 1594 in
981 1559 1188 1606 posterum
1228 1559 1387 1594 mutare
1428 1554 1497 1593 vel
1538 1554 1698 1592 violare
1739 1556 1953 1604 presumat

90 1626 274 1667 eosdem.
337 1627 384 1666 In
420 1637 589 1677 quorum
625 1626 796 1665 omnium
829 1625 956 1664 robur
989 1628 1030 1663 et
1061 1624 1335 1663 testimonium
1367 1634 1496 1662 meum
1524 1622 1711 1673 speciale
1746 1625 1787 1660 et
1821 1632 1951 1671 sepe-

91 1694 189 1735 dicti
222 1695 372 1734 nobilis
407 1694 633 1734 wseborii
673 1693 832 1747 sigilla,
864 1693 1013 1732 litteris
1053 1692 1320 1743 presentibus
1353 1696 1449 1730 sunt
1481 1702 1682 1742 appensa.
1729 1690 1878 1729 Actum
1912 1690 1951 1727 in

96 1762 293 1805 Olomucz
326 1775 434 1802 anno
469 1762 618 1802 domini
651 1762 711 1802 M.
746 1760 836 1802 CC.
870 1761 1054 1800 Lxxv.
1108 1760 1183 1800 111.
1217 1772 1351 1799 nonas
1385 1759 1651 1812 Nouembris,
1685 1758 1953 1808 presentibus

92 1832 300 1872 nobilibus
349 1830 542 1885 prefatis,
591 1831 751 1870 domino
802 1830 1038 1870 Wseborio
1087 1830 1319 1868 camerario
1370 1828 1617 1867 vetouiensi.
1677 1827 1850 1866 Voizlao
1901 1826 1953 1865 de

93 1900 352 1940 Luczlauicz
377 1912 534 1954 magno
558 1900 694 1939 iudice
723 1899 849 1939 castri
873 1898 1175 1950 olomucensis,
1200 1896 1407 1937 KVokone
1433 1896 1484 1936 de
1514 1894 1709 1948 Crawar7
1737 1895 1954 1934 Protiwen

96 1968 149 2008 de
180 1969 368 2022 zaben-h,
391 1969 608 2008 Lvthmiro
643 1969 695 2007 de
728 1968 988 2019 Wyrowan,
1022 1966 1239 2005 subuillico
1272 1965 1463 2004 iohannis
1495 1964 1623 2004 villici
1651 1963 1953 2016 olomucensis,

95 2037 433 2076 ministerialibus
467 2038 567 2076 suis.
601 2036 914 2075 u'awriclione
949 2035 999 2074 de
1033 2034 1226 2084 Woyniz
1253 2037 1294 2072 et
1325 2033 1558 2086 Heinsone,
1592 2032 1644 2071 de
1678 2036 1818 2086 castro
1853 2030 1954 2071 Olo-

94 2106 293 2157 mucensi,
326 2105 613 2145 Swechikone
650 2105 784 2144 villico
818 2104 967 2143 domini
999 2103 1207 2155 Kvnonis7
1247 2103 1464 2141 camerarii
1498 2101 1801 2153 olomucensis7
1835 2100 1954 2138 mini-

95 2174 332 2213 sterialibus
376 2175 464 2213 suis
493 2173 764 2214 Slawichone
794 2172 845 2211 de
869 2171 1110 2211 Meschrcz.
1145 2170 1336 2209 Radzlao
1369 2169 1421 2209 de
1447 2169 1720 2222 hostkowit23
1753 2168 1954 2219 Mai-tyno

96 2243 149 2283 de
182 2242 365 2293 thynecz
404 2243 543 2282 villico
577 2241 805 2281 Nezamizli
849 2240 1094 2294 purkgrauij
1129 2239 1429 2279 olomucensis.
1468 2238 1818 2278 Ministerialibus
1851 2238 1954 2290 suis7

99 2311 317 2351 Radozlao
351 2311 404 2350 de
437 2310 653 2349 sennichz.
688 2309 892 2349 hostkone
927 2309 978 2348 de
1012 2308 1293 2348 Nelesowicz.
1325 2307 1573 2347 Alexandro
1614 2307 1666 2346 de
1707 2306 1953 2358 prestawilk

96 2380 316 2419 subindice
365 2379 530 2430 voyzlai
582 2378 755 2429 predicti
804 2377 951 2416 iudicis
1000 2376 1301 2431 Olomucensis,
1348 2375 1617 2416 'Pheodriclio
1669 2376 1721 2415 ‹le
1771 2377 1954 2427 pruscia⁷

97 2448 358 2489 marscalcho
402 2448 549 2487 domini
598 2447 783 2498 episcopi
825 2446 1127 2498 olomucensis7
1174 2447 1361 2500 Ilugone
1405 2445 1456 2485 de
1496 2445 1712 2485 Holesow.
1751 2443 1954 2484 Sudkone

98 2517 151 2558 de
186 2517 415 2557 Bielawka.
459 2515 615 2557 (fzasta
650 2516 701 2555 de
734 2515 923 2554 Krelow.
962 2515 1084 2566 vao
1125 2515 1177 2554 de
1211 2514 1318 2554 ka.
1358 2514 1565 2554 lesclione
1599 2514 1651 2552 de
1688 2512 1953 2551 Drenowicz.

98 2586 300 2627 Bodizlao
334 2585 385 2625 de
420 2585 618 2625 Wesele.
652 2584 901 2624 Swirczone
935 2584 987 2624 de
1020 2590 1212 2635 tyrnaua.
1245 2583 1477 2635 Ratyborio
1511 2583 1563 2622 de
1587 2583 1772 2632 'rupe-cz.
1807 2580 1954 2619 Leone
