2138 2845
1009 208 1114 247 212

131 351 480 403 predecessorum
513 361 592 389 sev
625 350 940 404 progenitorum
973 350 1197 390 ecclesiam
1231 350 1272 389 in
1304 348 1418 400 bites,
1452 349 1560 400 quod
1593 350 1832 404 uulgariter
1855 352 1993 391 Hein-

129 420 247 459 richs
280 419 528 471 appellatur,
563 419 746 458 claustro
779 419 820 457 in
853 419 1070 468 lasnawiz,
1111 418 1231 457 nobis
1266 422 1464 468 presente
1505 423 1547 457 et
1578 418 1739 458 domino
1774 420 1993 459 bozchone

131 492 173 527 et
204 488 296 527 aliis
322 488 454 527 mult1s
487 491 602 527 terre
630 487 837 526 nobilibus
871 488 948 525 rite
974 491 1016 526 et
1049 487 1352 526 rationabiliter
1376 499 1466 526 cum
1500 488 1700 541 omnibus,
1735 500 1814 540 que
1839 489 1993 528 exinde

130 558 355 609 prouenire
379 560 587 609 poterunt,
612 557 719 595 nullo
754 555 1069 595 contradicente
1101 555 1272 594 contulit
1304 556 1425 607 pleno
1454 557 1558 611 iure,
1592 557 1715 611 quod⁷
1748 558 1783 596 si
1810 568 1993 597 necesse

130 624 269 680 suerit7
303 625 382 666 hoc
415 625 598 677 probare
631 625 816 664 uolumus
848 624 1093 663 iuramento.

440 724 493 755 Ex
517 723 713 765 originali
738 721 925 764 ejusdem
948 723 1136 754 monasterii
1161 732 1232 754 cum
1255 723 1363 765 sigillo
1388 723 1513 755 illaeso.

986 886 1021 929 C
1031 889 1142 931 [1111.

125 993 302 1044 Bruno,
350 993 574 1045 episcopus
625 991 940 1043 olomucensis,
996 991 1215 1044 adjudicat
1256 993 1512 1032 monasterio
1569 993 1880 1034 Tigr'eowicensz‘
1911 996 1992 1048 J'us

185 1064 433 1117 patronatus
466 1062 673 1101 ecclesiae
706 1063 749 1101 in
781 1061 914 1100 Biteg.
980 1061 1051 1100 DI.
1086 1061 1128 1099 in
1161 1060 1406 1112 Pusiome'r,
1456 1061 1577 1102 VIII.
1613 1061 1718 1101 Idus
1751 1063 1930 1117 Aprilis,

989 1128 1142 1170 1278.

299 1223 359 1283 In
393 1241 458 1280 dei
493 1242 655 1280 nomine
689 1252 821 1280 amen.
885 1241 975 1280 Nos
1018 1241 1160 1280 Bruno
1194 1240 1261 1280 dei
1294 1242 1448 1295 gracia
1482 1240 1771 1281 olomucensis
1804 1241 1992 1282 ecclesie

127 1310 352 1361 episcopus
386 1311 597 1349 Vniuersis
634 1308 791 1350 Christi
833 1308 1022 1349 fidelibus
1055 1311 1094 1349 in
1130 1322 1300 1361 quorum
1343 1310 1536 1349 noticiam
1576 1321 1755 1360 presens
1794 1312 1992 1362 scriptum

127 1379 346 1418 deuenerit
378 1380 551 1418 salutem
586 1381 626 1417 in
660 1379 833 1418 domino.
883 1378 1084 1426 Quoniam
1119 1380 1249 1418 nostri
1277 1378 1396 1417 officii
1431 1390 1530 1418 esse
1556 1379 1683 1418 debet
1716 1380 1991 1419 ecclesiarum

127 1448 488 1498 indempnitatibus
531 1448 770 1500 prouidere7
811 1449 985 1486 maxime
1026 1449 1066 1486 in
1107 1447 1186 1486 hiis
1228 1449 1267 1486 in
1308 1447 1457 1498 quibus
1491 1459 1572 1486 non
1611 1448 1741 1489 solum
1783 1448 1991 1487 inducitur

127 1516 351 1567 periculum
386 1517 609 1555 animarum
641 1527 785 1555 verum
811 1517 939 1555 eciam
966 1517 1122 1555 iactura
1148 1527 1284 1554 rerum
1311 1516 1594 1566 temporalium
1627 1528 1707 1567 que
1736 1516 1787 1555 ad
1817 1521 1990 1556 susten-

125 1586 320 1624 tationem
363 1585 441 1625 deo
483 1583 759 1624 famulantium
810 1585 850 1624 in
890 1585 953 1623 eis
1001 1588 1096 1623 sunt
1145 1585 1223 1623 deo
1273 1584 1466 1623 dedicate
1507 1584 1602 1623 hinc
1643 1588 1708 1623 est
1749 1585 1855 1636 quod
1899 1596 1990 1624 cum

125 1654 310 1692 ecclesia
351 1654 389 1692 in
430 1653 634 1692 hamio-hs
675 1653 781 1704 quod
827 1653 1066 1705 vulgariter
1106 1653 1225 1691 Bites
1264 1652 1499 1703 appellatur
1549 1664 1624 1703 per
1663 1658 1831 1692 mortem
1880 1653 1990 1692 bone

124 1723 319 1761 memorie
354 1722 520 1772 plebani
551 1722 781 1762 Giselberti
816 1726 1018 1760 vacasset
1046 1732 1165 1772 quem
1197 1721 1432 1760 Abbatissa
1458 1721 1511 1760 de
1541 1721 1813 1760 Thusmtwitz
1845 1721 1898 1761 de
1925 1722 1990 1761 sui

125 1795 358 1830 conuentus
400 1801 582 1829 assensu
615 1802 690 1830 suo
732 1794 1056 1841 presentauerat
1089 1790 1332 1842 dyocesano
1374 1790 1426 1829 ad
1466 1800 1557 1828 eam
1598 1788 1914 1832 confirmandum
1947 1793 1991 1830 ut

125 1859 351 1899 asserebat
378 1859 591 1910 quemdam
615 1859 810 1898 clericum
830 1859 1035 1911 ydoneum
1060 1859 1180 1897 nobis
1207 1862 1476 1908 presentaret
1499 1858 1552 1897 ad
1579 1859 1820 1909 premissam
1843 1858 1988 1897 eccle-

124 1929 224 1968 siam
266 1927 557 1967 instituendum
599 1939 649 1966 ac
690 1925 1010 1968 confirmandum
1050 1927 1210 1966 domino
1253 1927 1442 1966 Iohanne
1482 1927 1653 1966 Abbate
1692 1927 1869 1968 Sarensi
1914 1939 1988 1978 pro

124 2000 244 2047 parte
277 2009 373 2049 vna⁷
407 1999 449 2036 et
482 1996 643 2036 domino
677 1995 900 2036 Gerhardo
934 1995 986 2034 de
1020 1995 1211 2036 Obersas
1245 2007 1319 2046 pro
1353 1999 1473 2046 parte
1506 1995 1639 2034 altera
1672 1995 1989 2035 contradicente

126 2076 374 2116 vnoquoque
408 2066 471 2104 ius
506 2068 750 2115 patronatus
785 2064 976 2104 iamdicte
1009 2064 1195 2104 ecclesie
1229 2065 1281 2103 ad
1315 2075 1363 2103 se
1396 2067 1532 2103 tamen
1567 2075 1649 2103 non
1683 2063 1735 2103 ad
1764 2064 1987 2106 ecclesiam

124 2132 529 2172 'I'husnawicensem
564 2134 777 2184 pertinere
811 2136 1048 2186 asserente,
1082 2144 1132 2172 ac
1162 2133 1292 2172 eciam
1326 2132 1379 2171 ab
1414 2144 1464 2171 eo
1498 2143 1573 2171 seu
1609 2133 1671 2171 eis
1705 2136 1988 2183 presentatum

123 2211 200 2240 seu
243 2206 508 2252 presentatos
559 2202 843 2253 recipiendum
896 2201 1186 2241 instituendum
1234 2207 1276 2241 et
1323 2199 1655 2240 confirmandum.
1717 2200 1808 2240 Nos
1855 2201 1989 2254 igitur

71 2309 76 2314 ,
123 2269 251 2308 iudex
285 2269 523 2309 ordinarius
557 2272 597 2309 in
627 2271 858 2326 premissis,
891 2272 952 2310 sic
981 2270 1247 2322 petitionibus
1280 2271 1465 2321 receptis
1499 2269 1680 2309 diuersis
1713 2273 1756 2310 et
1779 2268 1988 2323 aduersis,

123 2349 213 2377 cum
239 2338 359 2377 nobis
387 2338 438 2377 de
465 2338 544 2376 hiis
579 2351 659 2378 non
688 2343 905 2378 constaret
936 2343 1139 2391 tamquam
1164 2339 1287 2381 iudici
1320 2339 1387 2378 illa
1412 2339 1520 2392 uice,
1554 2342 1596 2378 et
1620 2339 1660 2377 in
1695 2338 1843 2378 ocultis
1866 2337 1987 2377 nobis

123 2418 205 2446 non
240 2406 366 2452 liccat
400 2405 586 2445 iudicare
621 2418 785 2450 canone
818 2412 1044 2447 attestante
1078 2411 1120 2449 et
1152 2408 1333 2462 dicente,
1366 2408 1498 2447 Nemo
1532 2405 1763 2459 pontificum
1795 2406 1986 2446 iudicare

122 2478 335 2526 presumat
359 2475 544 2525 quamuis
576 2486 676 2513 uera
704 2476 787 2514 sint
811 2476 1024 2514 credenda
1048 2481 1183 2516 tamen
1212 2488 1294 2516 non
1319 2480 1427 2529 sunt7
1454 2477 1534 2515 nisi
1562 2487 1642 2527 que
1667 2475 1795 2514 certis
1820 2473 1985 2512 indiciis

123 2543 458 2595 comprobantur,
501 2543 578 2581 nisi
620 2554 700 2595 que
741 2543 960 2582 manifesto
1000 2545 1150 2584 iudicio
1191 2546 1495 2585 conuincuntur
1533 2545 1614 2583 nisi
1654 2553 1735 2594 que
1768 2541 1985 2581 iudiciario

124 2612 270 2655 ordine
321 2612 593 2666 publicantur.
661 2612 761 2652 ldco
810 2613 997 2664 partibus
1047 2613 1098 2657 ad
1147 2618 1330 2658 nostram
1377 2612 1578 2663 synnodum
1627 2621 1746 2663 quam
1796 2610 1834 2650 in
1875 2607 1984 2650 festo
