<?xml version="1.0" encoding="UTF-8"?>
<!DOCTYPE html PUBLIC "-//W3C//DTD XHTML 1.0 Transitional//EN"
    "http://www.w3.org/TR/xhtml1/DTD/xhtml1-transitional.dtd">
<html xmlns="http://www.w3.org/1999/xhtml" xml:lang="en" lang="en">
 <head>
  <title>
</title>
<meta http-equiv="Content-Type" content="text/html;charset=utf-8" />
  <meta name='ocr-system' content='tesseract 3.04.00' />
  <meta name='ocr-capabilities' content='ocr_page ocr_carea ocr_par ocr_line ocrx_word'/>
</head>
<body>
  <div class='ocr_page' id='page_1' title='image "./codexdiplomaticu04morauoft_0041.png"; bbox 0 0 2138 2845; ppageno 0'>
   <div class='ocr_carea' id='block_1_1' title="bbox 1019 179 1086 219">
    <p class='ocr_par' dir='ltr' id='par_1_1' title="bbox 1019 179 1086 219">
     <span class='ocr_line' id='line_1_1' title="bbox 1019 179 1086 219; baseline 0.015 -1"><span class='ocrx_word' id='word_1_1' title='bbox 1019 179 1086 219; x_wconf 71' lang='lat'>29</span> 
     </span>
    </p>
   </div>
   <div class='ocr_carea' id='block_1_2' title="bbox 901 236 1068 240">
    <p class='ocr_par' dir='ltr' id='par_1_2' title="bbox 901 236 1068 240">
     <span class='ocr_line' id='line_1_2' title="bbox 901 236 1068 240; baseline 0 0"><span class='ocrx_word' id='word_1_2' title='bbox 901 236 1068 240; x_wconf 95' lang='lat' dir='ltr'> </span> 
     </span>
    </p>
   </div>
   <div class='ocr_carea' id='block_1_3' title="bbox 901 244 1085 247">
    <p class='ocr_par' dir='ltr' id='par_1_3' title="bbox 901 244 1085 247">
     <span class='ocr_line' id='line_1_3' title="bbox 901 244 1085 247; baseline 0 0"><span class='ocrx_word' id='word_1_3' title='bbox 901 244 1085 247; x_wconf 95' lang='lat' dir='ltr'> </span> 
     </span>
    </p>
   </div>
   <div class='ocr_carea' id='block_1_4' title="bbox 125 318 1984 375">
    <p class='ocr_par' dir='ltr' id='par_1_4' title="bbox 125 318 1984 375">
     <span class='ocr_line' id='line_1_4' title="bbox 125 318 1984 375; baseline -0.003 -13"><span class='ocrx_word' id='word_1_4' title='bbox 125 321 305 375; x_wconf 79' lang='lat' dir='ltr'>fuerant,</span> <span class='ocrx_word' id='word_1_5' title='bbox 345 322 538 362; x_wconf 90' lang='lat' dir='ltr'>roborari</span> <span class='ocrx_word' id='word_1_6' title='bbox 579 323 700 362; x_wconf 86' lang='lat' dir='ltr'>etiam</span> <span class='ocrx_word' id='word_1_7' title='bbox 741 325 978 374; x_wconf 77' lang='lat' dir='ltr'>presentem</span> <span class='ocrx_word' id='word_1_8' title='bbox 1020 321 1221 374; x_wconf 79' lang='lat' dir='ltr'>paginam</span> <span class='ocrx_word' id='word_1_9' title='bbox 1255 318 1427 359; x_wconf 80' lang='lat' dir='ltr'>fecimus</span> <span class='ocrx_word' id='word_1_10' title='bbox 1466 319 1519 358; x_wconf 85' lang='lat' dir='ltr'>ad</span> <span class='ocrx_word' id='word_1_11' title='bbox 1553 320 1768 359; x_wconf 87' lang='lat' dir='ltr'>cautelam.</span> <span class='ocrx_word' id='word_1_12' title='bbox 1833 318 1984 357; x_wconf 89' lang='lat' dir='ltr'>Datum</span> 
     </span>
    </p>
   </div>
   <div class='ocr_carea' id='block_1_5' title="bbox 123 388 1985 514">
    <p class='ocr_par' dir='ltr' id='par_1_5' title="bbox 123 388 1985 514">
     <span class='ocr_line' id='line_1_5' title="bbox 124 388 1985 440; baseline -0.003 -8"><span class='ocrx_word' id='word_1_13' title='bbox 124 392 248 432; x_wconf 88' lang='lat' dir='ltr'>Anno</span> <span class='ocrx_word' id='word_1_14' title='bbox 283 391 431 431; x_wconf 89' lang='lat' dir='ltr'>domini</span> <span class='ocrx_word' id='word_1_15' title='bbox 465 392 524 432; x_wconf 82' lang='lat' dir='ltr'>M.</span> <span class='ocrx_word' id='word_1_16' title='bbox 549 390 637 432; x_wconf 88' lang='lat' dir='ltr'>CC.</span> <span class='ocrx_word' id='word_1_17' title='bbox 657 391 750 431; x_wconf 83' lang='lat' dir='ltr'>Lx.</span> <span class='ocrx_word' id='word_1_18' title='bbox 768 391 844 431; x_wconf 86' lang='lat' dir='ltr'>IX.</span> <span class='ocrx_word' id='word_1_19' title='bbox 877 392 924 430; x_wconf 93' lang='lat' dir='ltr'>ln</span> <span class='ocrx_word' id='word_1_20' title='bbox 958 390 1024 429; x_wconf 89' lang='lat' dir='ltr'>die</span> <span class='ocrx_word' id='word_1_21' title='bbox 1058 390 1361 429; x_wconf 83' lang='lat' dir='ltr'>Decollationis</span> <span class='ocrx_word' id='word_1_22' title='bbox 1386 389 1522 427; x_wconf 88' lang='lat' dir='ltr'>sancti</span> <span class='ocrx_word' id='word_1_23' title='bbox 1547 388 1746 427; x_wconf 86' lang='lat' dir='ltr'>Iohannis</span> <span class='ocrx_word' id='word_1_24' title='bbox 1772 388 1985 440; x_wconf 77' lang='lat' dir='ltr'>Baptiste3</span> 
     </span>
     <span class='ocr_line' id='line_1_6' title="bbox 123 456 1985 514; baseline -0.003 -14"><span class='ocrx_word' id='word_1_25' title='bbox 123 461 408 514; x_wconf 86' lang='lat' dir='ltr'>presentibus,</span> <span class='ocrx_word' id='word_1_26' title='bbox 429 472 597 512; x_wconf 89' lang='lat' dir='ltr'>quorum</span> <span class='ocrx_word' id='word_1_27' title='bbox 616 461 777 499; x_wconf 88' lang='lat' dir='ltr'>nomina</span> <span class='ocrx_word' id='word_1_28' title='bbox 795 459 1126 499; x_wconf 88' lang='lat' dir='ltr'>subscribuntur.</span> <span class='ocrx_word' id='word_1_29' title='bbox 1145 457 1404 511; x_wconf 86' lang='lat' dir='ltr'>Stephanus,</span> <span class='ocrx_word' id='word_1_30' title='bbox 1423 457 1627 508; x_wconf 88' lang='lat' dir='ltr'>plebanus</span> <span class='ocrx_word' id='word_1_31' title='bbox 1647 456 1698 496; x_wconf 90' lang='lat' dir='ltr'>de</span> <span class='ocrx_word' id='word_1_32' title='bbox 1712 456 1887 497; x_wconf 79' lang='lat' dir='ltr'>Grilwiz</span> <span class='ocrx_word' id='word_1_33' title='bbox 1904 460 1985 495; x_wconf 91' lang='lat' dir='ltr'>etc.</span> 
     </span>
    </p>
   </div>
   <div class='ocr_carea' id='block_1_6' title="bbox 433 556 1351 601">
    <p class='ocr_par' dir='ltr' id='par_1_6' title="bbox 433 556 1351 601">
     <span class='ocr_line' id='line_1_7' title="bbox 433 556 1351 601; baseline -0.002 -11"><span class='ocrx_word' id='word_1_34' title='bbox 433 559 488 591; x_wconf 84' lang='lat' dir='ltr'>Ex</span> <span class='ocrx_word' id='word_1_35' title='bbox 511 559 711 601; x_wconf 83' lang='lat' dir='ltr'>originali</span> <span class='ocrx_word' id='word_1_36' title='bbox 732 560 763 590; x_wconf 90' lang='lat' dir='ltr'>in</span> <span class='ocrx_word' id='word_1_37' title='bbox 787 558 922 590; x_wconf 79' lang='lat' dir='ltr'>archivo</span> <span class='ocrx_word' id='word_1_38' title='bbox 947 556 1128 598; x_wconf 86' lang='lat' dir='ltr'>ejusdem</span> <span class='ocrx_word' id='word_1_39' title='bbox 1153 558 1351 589; x_wconf 86' lang='lat' dir='ltr'>monasterii.</span> 
     </span>
    </p>
   </div>
   <div class='ocr_carea' id='block_1_7' title="bbox 974 726 1140 766">
    <p class='ocr_par' dir='ltr' id='par_1_7' title="bbox 974 726 1140 766">
     <span class='ocr_line' id='line_1_8' title="bbox 974 726 1140 766; baseline -0.012 0"><span class='ocrx_word' id='word_1_40' title='bbox 974 726 1140 766; x_wconf 84' lang='lat' dir='ltr'>XXIV.</span> 
     </span>
    </p>
   </div>
   <div class='ocr_carea' id='block_1_8' title="bbox 131 824 1987 1017">
    <p class='ocr_par' dir='ltr' id='par_1_8' title="bbox 131 824 1987 1017">
     <span class='ocr_line' id='line_1_9' title="bbox 132 824 1987 875; baseline -0.003 -7"><span class='ocrx_word' id='word_1_41' title='bbox 132 825 361 868; x_wconf 75' lang='lat' dir='ltr'>Convenle&#39;o</span> <span class='ocrx_word' id='word_1_42' title='bbox 400 828 506 866; x_wconf 71' lang='lat' dir='ltr'>inter</span> <span class='ocrx_word' id='word_1_43' title='bbox 538 829 836 867; x_wconf 75' lang='lat' dir='ltr'>monasterium</span> <span class='ocrx_word' id='word_1_44' title='bbox 885 827 1212 867; x_wconf 75' lang='lat' dir='ltr'>H&#39;elelzradense</span> <span class='ocrx_word' id='word_1_45' title='bbox 1253 830 1292 866; x_wconf 84' lang='lat' dir='ltr'>el</span> <span class='ocrx_word' id='word_1_46' title='bbox 1321 828 1614 866; x_wconf 76' lang='lat' dir='ltr'>Hermannum</span> <span class='ocrx_word' id='word_1_47' title='bbox 1653 824 1822 875; x_wconf 72' lang='lat' dir='ltr'>holzen,</span> <span class='ocrx_word' id='word_1_48' title='bbox 1856 825 1987 863; x_wconf 70' lang='lat' dir='ltr'>civem</span> 
     </span>
     <span class='ocr_line' id='line_1_10' title="bbox 131 893 1985 948; baseline -0.001 -14"><span class='ocrx_word' id='word_1_49' title='bbox 131 894 424 947; x_wconf 65' lang='lat' dir='ltr'>epm-tensem,</span> <span class='ocrx_word' id='word_1_50' title='bbox 458 896 509 935; x_wconf 87' lang='lat' dir='ltr'>de</span> <span class='ocrx_word' id='word_1_51' title='bbox 541 897 661 935; x_wconf 72' lang='lat' dir='ltr'>curia</span> <span class='ocrx_word' id='word_1_52' title='bbox 695 900 733 935; x_wconf 85' lang='lat' dir='ltr'>el</span> <span class='ocrx_word' id='word_1_53' title='bbox 762 896 962 935; x_wconf 69' lang='lat' dir='ltr'>reditibus</span> <span class='ocrx_word' id='word_1_54' title='bbox 995 897 1125 935; x_wconf 63' lang='lat' dir='ltr'>villae</span> <span class='ocrx_word' id='word_1_55' title='bbox 1148 897 1335 948; x_wconf 71' lang='lat' dir='ltr'>Jlnjoris</span> <span class='ocrx_word' id='word_1_56' title='bbox 1368 896 1541 935; x_wconf 60' lang='lat' dir='ltr'>Hos-tce.</span> <span class='ocrx_word' id='word_1_57' title='bbox 1591 895 1750 933; x_wconf 70' lang='lat' dir='ltr'>Datum</span> <span class='ocrx_word' id='word_1_58' title='bbox 1785 893 1985 945; x_wconf 67' lang='lat' dir='ltr'>opat-iae,</span> 
     </span>
     <span class='ocr_line' id='line_1_11' title="bbox 646 964 1462 1017; baseline 0.001 -16"><span class='ocrx_word' id='word_1_59' title='bbox 646 965 788 1017; x_wconf 76' lang='lat' dir='ltr'>pridie</span> <span class='ocrx_word' id='word_1_60' title='bbox 819 966 966 1005; x_wconf 65' lang='lat' dir='ltr'>Nonas</span> <span class='ocrx_word' id='word_1_61' title='bbox 999 964 1271 1016; x_wconf 76' lang='lat' dir='ltr'>Septembris,</span> <span class='ocrx_word' id='word_1_62' title='bbox 1312 964 1462 1004; x_wconf 72' lang='lat'><strong>1269.</strong></span> 
     </span>
    </p>
   </div>
   <div class='ocr_carea' id='block_1_9' title="bbox 126 1057 1989 2637">
    <p class='ocr_par' dir='ltr' id='par_1_9' title="bbox 126 1057 1989 2637">
     <span class='ocr_line' id='line_1_12' title="bbox 267 1057 1987 1127; baseline -0.004 -9"><span class='ocrx_word' id='word_1_63' title='bbox 267 1057 381 1118; x_wconf 88' lang='lat' dir='ltr'>Nos</span> <span class='ocrx_word' id='word_1_64' title='bbox 415 1074 546 1116; x_wconf 81' lang='lat' dir='ltr'>frater</span> <span class='ocrx_word' id='word_1_65' title='bbox 573 1077 762 1127; x_wconf 87' lang='lat' dir='ltr'>Lupinus</span> <span class='ocrx_word' id='word_1_66' title='bbox 797 1076 930 1115; x_wconf 89' lang='lat' dir='ltr'>dictus</span> <span class='ocrx_word' id='word_1_67' title='bbox 957 1075 1090 1114; x_wconf 87' lang='lat' dir='ltr'>abbas</span> <span class='ocrx_word' id='word_1_68' title='bbox 1116 1078 1158 1114; x_wconf 90' lang='lat' dir='ltr'>et</span> <span class='ocrx_word' id='word_1_69' title='bbox 1185 1078 1417 1114; x_wconf 87' lang='lat' dir='ltr'>conuentus</span> <span class='ocrx_word' id='word_1_70' title='bbox 1444 1074 1496 1113; x_wconf 90' lang='lat' dir='ltr'>de</span> <span class='ocrx_word' id='word_1_71' title='bbox 1527 1073 1756 1124; x_wconf 70' lang='lat' dir='ltr'>U&#39;eleyrad</span> <span class='ocrx_word' id='word_1_72' title='bbox 1776 1073 1987 1112; x_wconf 88' lang='lat' dir='ltr'>uniuersis</span> 
     </span>
     <span class='ocr_line' id='line_1_13' title="bbox 126 1141 1988 1196; baseline -0.003 -11"><span class='ocrx_word' id='word_1_73' title='bbox 126 1142 285 1185; x_wconf 85' lang='lat' dir='ltr'>Christi</span> <span class='ocrx_word' id='word_1_74' title='bbox 325 1143 514 1184; x_wconf 87' lang='lat' dir='ltr'>fidelibus</span> <span class='ocrx_word' id='word_1_75' title='bbox 562 1148 746 1183; x_wconf 87' lang='lat' dir='ltr'>tenorem</span> <span class='ocrx_word' id='word_1_76' title='bbox 797 1144 1006 1194; x_wconf 89' lang='lat' dir='ltr'>presentis</span> <span class='ocrx_word' id='word_1_77' title='bbox 1052 1143 1201 1182; x_wconf 86' lang='lat' dir='ltr'>cedule</span> <span class='ocrx_word' id='word_1_78' title='bbox 1243 1143 1495 1196; x_wconf 69' lang='lat' dir='ltr'>cognituris,</span> <span class='ocrx_word' id='word_1_79' title='bbox 1543 1141 1596 1180; x_wconf 89' lang='lat' dir='ltr'>ad</span> <span class='ocrx_word' id='word_1_80' title='bbox 1645 1143 1706 1180; x_wconf 90' lang='lat' dir='ltr'>rei</span> <span class='ocrx_word' id='word_1_81' title='bbox 1754 1142 1988 1180; x_wconf 83' lang='lat' dir='ltr'>memoriam</span> 
     </span>
     <span class='ocr_line' id='line_1_14' title="bbox 126 1210 1987 1264; baseline -0.002 -13"><span class='ocrx_word' id='word_1_82' title='bbox 126 1214 431 1263; x_wconf 86' lang='lat' dir='ltr'>sempiternam.</span> <span class='ocrx_word' id='word_1_83' title='bbox 498 1211 699 1260; x_wconf 82' lang='lat' dir='ltr'>Quoniam</span> <span class='ocrx_word' id='word_1_84' title='bbox 740 1216 836 1250; x_wconf 85' lang='lat' dir='ltr'>acta</span> <span class='ocrx_word' id='word_1_85' title='bbox 876 1211 1091 1263; x_wconf 84' lang='lat' dir='ltr'>hominum,</span> <span class='ocrx_word' id='word_1_86' title='bbox 1133 1221 1213 1261; x_wconf 89' lang='lat' dir='ltr'>que</span> <span class='ocrx_word' id='word_1_87' title='bbox 1253 1214 1463 1264; x_wconf 89' lang='lat' dir='ltr'>geruntur</span> <span class='ocrx_word' id='word_1_88' title='bbox 1494 1211 1535 1248; x_wconf 91' lang='lat' dir='ltr'>in</span> <span class='ocrx_word' id='word_1_89' title='bbox 1568 1214 1767 1262; x_wconf 86' lang='lat' dir='ltr'>tempore,</span> <span class='ocrx_word' id='word_1_90' title='bbox 1802 1210 1987 1260; x_wconf 84' lang='lat' dir='ltr'>quamuis</span> 
     </span>
     <span class='ocr_line' id='line_1_15' title="bbox 129 1279 1988 1333; baseline -0.002 -13"><span class='ocrx_word' id='word_1_91' title='bbox 129 1281 330 1321; x_wconf 89' lang='lat' dir='ltr'>interdum</span> <span class='ocrx_word' id='word_1_92' title='bbox 371 1281 474 1320; x_wconf 86' lang='lat' dir='ltr'>satis</span> <span class='ocrx_word' id='word_1_93' title='bbox 514 1280 797 1330; x_wconf 84' lang='lat' dir='ltr'>sollempniter</span> <span class='ocrx_word' id='word_1_94' title='bbox 837 1280 1119 1333; x_wconf 68' lang='lat' dir='ltr'>celebrentur,</span> <span class='ocrx_word' id='word_1_95' title='bbox 1159 1279 1276 1318; x_wconf 91' lang='lat' dir='ltr'>simul</span> <span class='ocrx_word' id='word_1_96' title='bbox 1316 1290 1405 1317; x_wconf 85' lang='lat' dir='ltr'>cum</span> <span class='ocrx_word' id='word_1_97' title='bbox 1445 1282 1630 1329; x_wconf 87' lang='lat' dir='ltr'>tempore</span> <span class='ocrx_word' id='word_1_98' title='bbox 1670 1281 1903 1331; x_wconf 86' lang='lat' dir='ltr'>transeunt,</span> <span class='ocrx_word' id='word_1_99' title='bbox 1947 1280 1988 1317; x_wconf 91' lang='lat' dir='ltr'>et</span> 
     </span>
     <span class='ocr_line' id='line_1_16' title="bbox 131 1347 1987 1403; baseline -0.002 -15"><span class='ocrx_word' id='word_1_100' title='bbox 131 1353 301 1401; x_wconf 86' lang='lat' dir='ltr'>propter</span> <span class='ocrx_word' id='word_1_101' title='bbox 333 1349 412 1388; x_wconf 90' lang='lat' dir='ltr'>hoc</span> <span class='ocrx_word' id='word_1_102' title='bbox 454 1353 641 1403; x_wconf 82' lang='lat' dir='ltr'>vergunt</span> <span class='ocrx_word' id='word_1_103' title='bbox 680 1348 730 1388; x_wconf 86' lang='lat' dir='ltr'>ad</span> <span class='ocrx_word' id='word_1_104' title='bbox 767 1349 985 1388; x_wconf 90' lang='lat' dir='ltr'>obliuionis</span> <span class='ocrx_word' id='word_1_105' title='bbox 1027 1360 1236 1401; x_wconf 88' lang='lat' dir='ltr'>occasum,</span> <span class='ocrx_word' id='word_1_106' title='bbox 1276 1349 1356 1387; x_wconf 85' lang='lat' dir='ltr'>nisi</span> <span class='ocrx_word' id='word_1_107' title='bbox 1395 1348 1565 1398; x_wconf 85' lang='lat' dir='ltr'>scriptis</span> <span class='ocrx_word' id='word_1_108' title='bbox 1606 1351 1647 1386; x_wconf 91' lang='lat' dir='ltr'>et</span> <span class='ocrx_word' id='word_1_109' title='bbox 1679 1347 1871 1400; x_wconf 87' lang='lat' dir='ltr'>testibus,</span> <span class='ocrx_word' id='word_1_110' title='bbox 1907 1357 1987 1398; x_wconf 90' lang='lat' dir='ltr'>que</span> 
     </span>
     <span class='ocr_line' id='line_1_17' title="bbox 128 1417 1988 1470; baseline -0.001 -14"><span class='ocrx_word' id='word_1_111' title='bbox 128 1418 265 1457; x_wconf 89' lang='lat' dir='ltr'>solent</span> <span class='ocrx_word' id='word_1_112' title='bbox 297 1417 472 1456; x_wconf 87' lang='lat' dir='ltr'>euidens</span> <span class='ocrx_word' id='word_1_113' title='bbox 513 1428 613 1457; x_wconf 88' lang='lat' dir='ltr'>esse</span> <span class='ocrx_word' id='word_1_114' title='bbox 656 1417 845 1468; x_wconf 88' lang='lat' dir='ltr'>probatio</span> <span class='ocrx_word' id='word_1_115' title='bbox 884 1418 1088 1470; x_wconf 85' lang='lat' dir='ltr'>ueritatis,</span> <span class='ocrx_word' id='word_1_116' title='bbox 1129 1418 1259 1456; x_wconf 88' lang='lat' dir='ltr'>artius</span> <span class='ocrx_word' id='word_1_117' title='bbox 1293 1417 1571 1467; x_wconf 80' lang='lat' dir='ltr'>imprimantur</span> <span class='ocrx_word' id='word_1_118' title='bbox 1611 1417 1805 1455; x_wconf 89' lang='lat' dir='ltr'>memorie</span> <span class='ocrx_word' id='word_1_119' title='bbox 1840 1418 1988 1466; x_wconf 82' lang='lat' dir='ltr'>poste-</span> 
     </span>
     <span class='ocr_line' id='line_1_18' title="bbox 126 1482 1986 1540; baseline -0.001 -15"><span class='ocrx_word' id='word_1_120' title='bbox 126 1497 275 1525; x_wconf 89' lang='lat' dir='ltr'>rorum.</span> <span class='ocrx_word' id='word_1_121' title='bbox 317 1486 467 1525; x_wconf 91' lang='lat' dir='ltr'>Notum</span> <span class='ocrx_word' id='word_1_122' title='bbox 492 1487 624 1540; x_wconf 90' lang='lat' dir='ltr'>igitur</span> <span class='ocrx_word' id='word_1_123' title='bbox 649 1497 748 1525; x_wconf 89' lang='lat' dir='ltr'>esse</span> <span class='ocrx_word' id='word_1_124' title='bbox 777 1487 960 1537; x_wconf 84' lang='lat' dir='ltr'>cupimus</span> <span class='ocrx_word' id='word_1_125' title='bbox 987 1490 1067 1525; x_wconf 85' lang='lat' dir='ltr'>tam</span> <span class='ocrx_word' id='word_1_126' title='bbox 1088 1486 1272 1537; x_wconf 86' lang='lat' dir='ltr'>presenti</span> <span class='ocrx_word' id='word_1_127' title='bbox 1303 1487 1415 1538; x_wconf 84' lang='lat' dir='ltr'>etati,</span> <span class='ocrx_word' id='word_1_128' title='bbox 1439 1497 1558 1537; x_wconf 86' lang='lat' dir='ltr'>quam</span> <span class='ocrx_word' id='word_1_129' title='bbox 1585 1483 1720 1524; x_wconf 84' lang='lat' dir='ltr'>future</span> <span class='ocrx_word' id='word_1_130' title='bbox 1749 1485 1789 1523; x_wconf 92' lang='lat' dir='ltr'>in</span> <span class='ocrx_word' id='word_1_131' title='bbox 1814 1482 1986 1524; x_wconf 86' lang='lat' dir='ltr'>Christo</span> 
     </span>
     <span class='ocr_line' id='line_1_19' title="bbox 127 1554 1989 1607; baseline -0.001 -13"><span class='ocrx_word' id='word_1_132' title='bbox 127 1556 375 1607; x_wconf 66' lang='lat' dir='ltr'>posteritati,</span> <span class='ocrx_word' id='word_1_133' title='bbox 409 1555 517 1606; x_wconf 89' lang='lat' dir='ltr'>quod</span> <span class='ocrx_word' id='word_1_134' title='bbox 552 1567 628 1594; x_wconf 89' lang='lat' dir='ltr'>nos</span> <span class='ocrx_word' id='word_1_135' title='bbox 662 1556 816 1593; x_wconf 85' lang='lat' dir='ltr'>curiam</span> <span class='ocrx_word' id='word_1_136' title='bbox 852 1559 1032 1593; x_wconf 87' lang='lat' dir='ltr'>nostram</span> <span class='ocrx_word' id='word_1_137' title='bbox 1066 1559 1106 1593; x_wconf 92' lang='lat' dir='ltr'>et</span> <span class='ocrx_word' id='word_1_138' title='bbox 1135 1559 1292 1606; x_wconf 86' lang='lat' dir='ltr'>partem</span> <span class='ocrx_word' id='word_1_139' title='bbox 1326 1555 1423 1594; x_wconf 84' lang='lat' dir='ltr'>ville</span> <span class='ocrx_word' id='word_1_140' title='bbox 1450 1566 1501 1594; x_wconf 89' lang='lat' dir='ltr'>ac</span> <span class='ocrx_word' id='word_1_141' title='bbox 1534 1554 1738 1593; x_wconf 85' lang='lat' dir='ltr'>redituum</span> <span class='ocrx_word' id='word_1_142' title='bbox 1772 1554 1810 1592; x_wconf 91' lang='lat' dir='ltr'>in</span> <span class='ocrx_word' id='word_1_143' title='bbox 1835 1554 1989 1592; x_wconf 73' lang='lat' dir='ltr'>maiori</span> 
     </span>
     <span class='ocr_line' id='line_1_20' title="bbox 127 1622 1987 1675; baseline -0.002 -12"><span class='ocrx_word' id='word_1_144' title='bbox 127 1624 347 1663; x_wconf 73' lang='lat' dir='ltr'>Hosschiz</span> <span class='ocrx_word' id='word_1_145' title='bbox 384 1625 540 1675; x_wconf 86' lang='lat' dir='ltr'>pariter</span> <span class='ocrx_word' id='word_1_146' title='bbox 581 1627 619 1662; x_wconf 80' lang='lat' dir='ltr'>el</span> <span class='ocrx_word' id='word_1_147' title='bbox 655 1625 809 1663; x_wconf 74' lang='lat' dir='ltr'>minori</span> <span class='ocrx_word' id='word_1_148' title='bbox 849 1635 924 1674; x_wconf 88' lang='lat' dir='ltr'>per</span> <span class='ocrx_word' id='word_1_149' title='bbox 964 1623 1164 1662; x_wconf 90' lang='lat' dir='ltr'>dominum</span> <span class='ocrx_word' id='word_1_150' title='bbox 1204 1623 1437 1663; x_wconf 90' lang='lat' dir='ltr'>Hartlibum</span> <span class='ocrx_word' id='word_1_151' title='bbox 1478 1623 1680 1675; x_wconf 87' lang='lat' dir='ltr'>quondam</span> <span class='ocrx_word' id='word_1_152' title='bbox 1722 1622 1911 1661; x_wconf 85' lang='lat' dir='ltr'>abbatem</span> <span class='ocrx_word' id='word_1_153' title='bbox 1946 1623 1987 1661; x_wconf 93' lang='lat' dir='ltr'>in</span> 
     </span>
     <span class='ocr_line' id='line_1_21' title="bbox 135 1691 1987 1746; baseline -0.001 -15"><span class='ocrx_word' id='word_1_154' title='bbox 135 1691 380 1746; x_wconf 60' lang='lat' dir='ltr'>WVelegrad</span> <span class='ocrx_word' id='word_1_155' title='bbox 416 1692 589 1743; x_wconf 88' lang='lat' dir='ltr'>prouido</span> <span class='ocrx_word' id='word_1_156' title='bbox 616 1694 706 1731; x_wconf 91' lang='lat' dir='ltr'>uiro</span> <span class='ocrx_word' id='word_1_157' title='bbox 737 1694 986 1732; x_wconf 76' lang='lat' dir='ltr'>Hermanno</span> <span class='ocrx_word' id='word_1_158' title='bbox 1019 1695 1289 1743; x_wconf 68' lang='lat' dir='ltr'>coquomento</span> <span class='ocrx_word' id='word_1_159' title='bbox 1318 1691 1470 1731; x_wconf 65' lang='lat' dir='ltr'>holzen</span> <span class='ocrx_word' id='word_1_160' title='bbox 1503 1692 1583 1730; x_wconf 88' lang='lat' dir='ltr'>ciui</span> <span class='ocrx_word' id='word_1_161' title='bbox 1613 1691 1868 1742; x_wconf 84' lang='lat' dir='ltr'>Oppauiensi</span> <span class='ocrx_word' id='word_1_162' title='bbox 1896 1691 1987 1730; x_wconf 92' lang='lat' dir='ltr'>olim</span> 
     </span>
     <span class='ocr_line' id='line_1_22' title="bbox 128 1759 1988 1814; baseline 0 -15"><span class='ocrx_word' id='word_1_163' title='bbox 128 1771 204 1811; x_wconf 91' lang='lat' dir='ltr'>pro</span> <span class='ocrx_word' id='word_1_164' title='bbox 246 1760 503 1801; x_wconf 87' lang='lat' dir='ltr'>LXXXIllI</span> <span class='ocrx_word' id='word_1_165' title='bbox 551 1762 703 1800; x_wconf 89' lang='lat' dir='ltr'>marcis</span> <span class='ocrx_word' id='word_1_166' title='bbox 752 1762 921 1814; x_wconf 79' lang='lat' dir='ltr'>argenti</span> <span class='ocrx_word' id='word_1_167' title='bbox 969 1761 1060 1799; x_wconf 89' lang='lat' dir='ltr'>sine</span> <span class='ocrx_word' id='word_1_168' title='bbox 1100 1762 1163 1799; x_wconf 87' lang='lat' dir='ltr'>sui</span> <span class='ocrx_word' id='word_1_169' title='bbox 1205 1765 1437 1800; x_wconf 85' lang='lat' dir='ltr'>conuentus</span> <span class='ocrx_word' id='word_1_170' title='bbox 1486 1760 1658 1799; x_wconf 91' lang='lat' dir='ltr'>consilio</span> <span class='ocrx_word' id='word_1_171' title='bbox 1697 1759 1906 1798; x_wconf 84' lang='lat' dir='ltr'>venditam</span> <span class='ocrx_word' id='word_1_172' title='bbox 1945 1762 1988 1799; x_wconf 86' lang='lat' dir='ltr'>et</span> 
     </span>
     <span class='ocr_line' id='line_1_23' title="bbox 127 1828 1986 1881; baseline 0 -14"><span class='ocrx_word' id='word_1_173' title='bbox 127 1839 339 1868; x_wconf 88' lang='lat' dir='ltr'>consensu</span> <span class='ocrx_word' id='word_1_174' title='bbox 381 1833 526 1869; x_wconf 87' lang='lat' dir='ltr'>contra</span> <span class='ocrx_word' id='word_1_175' title='bbox 567 1831 656 1868; x_wconf 87' lang='lat' dir='ltr'>iura</span> <span class='ocrx_word' id='word_1_176' title='bbox 691 1830 983 1869; x_wconf 87' lang='lat' dir='ltr'>ecclesiastica</span> <span class='ocrx_word' id='word_1_177' title='bbox 1024 1831 1154 1869; x_wconf 85' lang='lat' dir='ltr'>minus</span> <span class='ocrx_word' id='word_1_178' title='bbox 1188 1829 1361 1881; x_wconf 89' lang='lat' dir='ltr'>prouide</span> <span class='ocrx_word' id='word_1_179' title='bbox 1403 1841 1453 1868; x_wconf 89' lang='lat' dir='ltr'>ac</span> <span class='ocrx_word' id='word_1_180' title='bbox 1488 1829 1672 1868; x_wconf 85' lang='lat' dir='ltr'>discrete</span> <span class='ocrx_word' id='word_1_181' title='bbox 1706 1828 1758 1867; x_wconf 88' lang='lat' dir='ltr'>de</span> <span class='ocrx_word' id='word_1_182' title='bbox 1792 1828 1986 1867; x_wconf 86' lang='lat' dir='ltr'>mandato</span> 
     </span>
     <span class='ocr_line' id='line_1_24' title="bbox 126 1897 1985 1952; baseline 0 -16"><span class='ocrx_word' id='word_1_183' title='bbox 126 1898 385 1938; x_wconf 88' lang='lat' dir='ltr'>serenissimi</span> <span class='ocrx_word' id='word_1_184' title='bbox 419 1898 566 1937; x_wconf 89' lang='lat' dir='ltr'>domini</span> <span class='ocrx_word' id='word_1_185' title='bbox 600 1899 730 1937; x_wconf 86' lang='lat' dir='ltr'>nostri</span> <span class='ocrx_word' id='word_1_186' title='bbox 757 1898 973 1937; x_wconf 85' lang='lat' dir='ltr'>Ottackari</span> <span class='ocrx_word' id='word_1_187' title='bbox 1008 1900 1129 1952; x_wconf 88' lang='lat' dir='ltr'>regis</span> <span class='ocrx_word' id='word_1_188' title='bbox 1155 1900 1413 1950; x_wconf 88' lang='lat' dir='ltr'>Boemorum,</span> <span class='ocrx_word' id='word_1_189' title='bbox 1446 1898 1638 1936; x_wconf 87' lang='lat' dir='ltr'>Hartlibo</span> <span class='ocrx_word' id='word_1_190' title='bbox 1672 1897 1985 1936; x_wconf 84' lang='lat' dir='ltr'>subcamerario</span> 
     </span>
     <span class='ocr_line' id='line_1_25' title="bbox 127 1966 1985 2016; baseline 0 -12"><span class='ocrx_word' id='word_1_191' title='bbox 127 1977 203 2004; x_wconf 89' lang='lat' dir='ltr'>suo</span> <span class='ocrx_word' id='word_1_192' title='bbox 243 1977 371 2016; x_wconf 92' lang='lat' dir='ltr'>super</span> <span class='ocrx_word' id='word_1_193' title='bbox 409 1966 490 2005; x_wconf 86' lang='lat' dir='ltr'>hac</span> <span class='ocrx_word' id='word_1_194' title='bbox 531 1978 660 2005; x_wconf 82' lang='lat' dir='ltr'>causa</span> <span class='ocrx_word' id='word_1_195' title='bbox 702 1966 823 2005; x_wconf 89' lang='lat' dir='ltr'>nobis</span> <span class='ocrx_word' id='word_1_196' title='bbox 864 1967 999 2006; x_wconf 82' lang='lat' dir='ltr'>iudice</span> <span class='ocrx_word' id='word_1_197' title='bbox 1043 1968 1249 2006; x_wconf 87' lang='lat' dir='ltr'>destinato</span> <span class='ocrx_word' id='word_1_198' title='bbox 1290 1970 1487 2016; x_wconf 87' lang='lat' dir='ltr'>repetere</span> <span class='ocrx_word' id='word_1_199' title='bbox 1528 1979 1552 2005; x_wconf 87' lang='lat' dir='ltr'>a</span> <span class='ocrx_word' id='word_1_200' title='bbox 1593 1966 1702 2005; x_wconf 92' lang='lat' dir='ltr'>dicto</span> <span class='ocrx_word' id='word_1_201' title='bbox 1744 1966 1985 2005; x_wconf 86' lang='lat' dir='ltr'>Hermanno</span> 
     </span>
     <span class='ocr_line' id='line_1_26' title="bbox 127 2033 1986 2088; baseline 0 -16"><span class='ocrx_word' id='word_1_202' title='bbox 127 2033 343 2073; x_wconf 87' lang='lat' dir='ltr'>iudiciarie</span> <span class='ocrx_word' id='word_1_203' title='bbox 368 2035 622 2087; x_wconf 85' lang='lat' dir='ltr'>nolebamus,</span> <span class='ocrx_word' id='word_1_204' title='bbox 651 2036 856 2074; x_wconf 89' lang='lat' dir='ltr'>nonnullis</span> <span class='ocrx_word' id='word_1_205' title='bbox 883 2037 921 2075; x_wconf 89' lang='lat' dir='ltr'>ei</span> <span class='ocrx_word' id='word_1_206' title='bbox 946 2035 1302 2074; x_wconf 85' lang='lat' dir='ltr'>ammonitionibus</span> <span class='ocrx_word' id='word_1_207' title='bbox 1327 2035 1586 2088; x_wconf 88' lang='lat' dir='ltr'>prerogatis.</span> <span class='ocrx_word' id='word_1_208' title='bbox 1623 2035 1778 2073; x_wconf 71' lang='lat' dir='ltr'>Verum</span> <span class='ocrx_word' id='word_1_209' title='bbox 1799 2035 1986 2085; x_wconf 89' lang='lat' dir='ltr'>pluribus</span> 
     </span>
     <span class='ocr_line' id='line_1_27' title="bbox 128 2103 1985 2155; baseline 0.001 -15"><span class='ocrx_word' id='word_1_210' title='bbox 128 2103 321 2152; x_wconf 88' lang='lat' dir='ltr'>personis</span> <span class='ocrx_word' id='word_1_211' title='bbox 361 2115 435 2153; x_wconf 91' lang='lat' dir='ltr'>pro</span> <span class='ocrx_word' id='word_1_212' title='bbox 477 2114 527 2142; x_wconf 93' lang='lat' dir='ltr'>eo</span> <span class='ocrx_word' id='word_1_213' title='bbox 569 2104 926 2143; x_wconf 84' lang='lat' dir='ltr'>intercedentibus</span> <span class='ocrx_word' id='word_1_214' title='bbox 967 2105 1150 2155; x_wconf 88' lang='lat' dir='ltr'>prouidis</span> <span class='ocrx_word' id='word_1_215' title='bbox 1192 2109 1234 2142; x_wconf 85' lang='lat' dir='ltr'>et</span> <span class='ocrx_word' id='word_1_216' title='bbox 1272 2103 1473 2155; x_wconf 78' lang='lat' dir='ltr'>honestis,</span> <span class='ocrx_word' id='word_1_217' title='bbox 1517 2103 1681 2142; x_wconf 85' lang='lat' dir='ltr'>tandem</span> <span class='ocrx_word' id='word_1_218' title='bbox 1724 2104 1762 2142; x_wconf 91' lang='lat' dir='ltr'>in</span> <span class='ocrx_word' id='word_1_219' title='bbox 1803 2104 1985 2142; x_wconf 88' lang='lat' dir='ltr'>arbitros</span> 
     </span>
     <span class='ocr_line' id='line_1_28' title="bbox 128 2172 1985 2226; baseline 0.002 -17"><span class='ocrx_word' id='word_1_220' title='bbox 128 2181 218 2209; x_wconf 88' lang='lat' dir='ltr'>cum</span> <span class='ocrx_word' id='word_1_221' title='bbox 261 2181 310 2209; x_wconf 87' lang='lat' dir='ltr'>eo</span> <span class='ocrx_word' id='word_1_222' title='bbox 352 2172 653 2223; x_wconf 78' lang='lat' dir='ltr'>consensimuS,</span> <span class='ocrx_word' id='word_1_223' title='bbox 704 2172 915 2211; x_wconf 88' lang='lat' dir='ltr'>multorum</span> <span class='ocrx_word' id='word_1_224' title='bbox 959 2172 1153 2223; x_wconf 86' lang='lat' dir='ltr'>precibus</span> <span class='ocrx_word' id='word_1_225' title='bbox 1202 2172 1398 2225; x_wconf 89' lang='lat' dir='ltr'>inclinati,</span> <span class='ocrx_word' id='word_1_226' title='bbox 1441 2173 1529 2223; x_wconf 82' lang='lat' dir='ltr'>ipso</span> <span class='ocrx_word' id='word_1_227' title='bbox 1570 2184 1618 2211; x_wconf 84' lang='lat' dir='ltr'>se</span> <span class='ocrx_word' id='word_1_228' title='bbox 1658 2177 1802 2211; x_wconf 84' lang='lat' dir='ltr'>nostre</span> <span class='ocrx_word' id='word_1_229' title='bbox 1842 2173 1985 2226; x_wconf 83' lang='lat' dir='ltr'>gratie</span> 
     </span>
     <span class='ocr_line' id='line_1_29' title="bbox 129 2238 1985 2293; baseline 0.002 -16"><span class='ocrx_word' id='word_1_230' title='bbox 129 2240 419 2292; x_wconf 73' lang='lat' dir='ltr'>committente,</span> <span class='ocrx_word' id='word_1_231' title='bbox 460 2240 673 2293; x_wconf 83' lang='lat' dir='ltr'>eligentes</span> <span class='ocrx_word' id='word_1_232' title='bbox 707 2240 883 2278; x_wconf 88' lang='lat' dir='ltr'>nobilem</span> <span class='ocrx_word' id='word_1_233' title='bbox 927 2241 1056 2279; x_wconf 82' lang='lat' dir='ltr'>virum</span> <span class='ocrx_word' id='word_1_234' title='bbox 1091 2241 1290 2279; x_wconf 88' lang='lat' dir='ltr'>dominum</span> <span class='ocrx_word' id='word_1_235' title='bbox 1325 2238 1541 2281; x_wconf 86' lang='lat' dir='ltr'>Cvnonem</span> <span class='ocrx_word' id='word_1_236' title='bbox 1576 2242 1847 2280; x_wconf 88' lang='lat' dir='ltr'>camerarium</span> <span class='ocrx_word' id='word_1_237' title='bbox 1882 2240 1985 2281; x_wconf 86' lang='lat'>010-</span> 
     </span>
     <span class='ocr_line' id='line_1_30' title="bbox 129 2307 1984 2362; baseline 0.001 -16"><span class='ocrx_word' id='word_1_238' title='bbox 129 2319 363 2346; x_wconf 86' lang='lat' dir='ltr'>mucensem</span> <span class='ocrx_word' id='word_1_239' title='bbox 391 2312 431 2346; x_wconf 91' lang='lat' dir='ltr'>et</span> <span class='ocrx_word' id='word_1_240' title='bbox 462 2307 659 2346; x_wconf 77' lang='lat' dir='ltr'>doininum</span> <span class='ocrx_word' id='word_1_241' title='bbox 691 2308 868 2347; x_wconf 76' lang='lat' dir='ltr'>zaschit</span> <span class='ocrx_word' id='word_1_242' title='bbox 894 2309 932 2347; x_wconf 92' lang='lat' dir='ltr'>in</span> <span class='ocrx_word' id='word_1_243' title='bbox 961 2314 1115 2359; x_wconf 83' lang='lat' dir='ltr'>partem</span> <span class='ocrx_word' id='word_1_244' title='bbox 1140 2313 1336 2362; x_wconf 80' lang='lat' dir='ltr'>nostram,</span> <span class='ocrx_word' id='word_1_245' title='bbox 1361 2313 1402 2348; x_wconf 88' lang='lat' dir='ltr'>et</span> <span class='ocrx_word' id='word_1_246' title='bbox 1425 2309 1690 2360; x_wconf 85' lang='lat' dir='ltr'>supradictus</span> <span class='ocrx_word' id='word_1_247' title='bbox 1719 2311 1984 2349; x_wconf 87' lang='lat' dir='ltr'>Hermannus</span> 
     </span>
     <span class='ocr_line' id='line_1_31' title="bbox 128 2375 1983 2432; baseline 0.002 -18"><span class='ocrx_word' id='word_1_248' title='bbox 128 2375 330 2415; x_wconf 88' lang='lat' dir='ltr'>dominum</span> <span class='ocrx_word' id='word_1_249' title='bbox 362 2376 549 2415; x_wconf 80' lang='lat' dir='ltr'>Milotam</span> <span class='ocrx_word' id='word_1_250' title='bbox 591 2382 631 2416; x_wconf 88' lang='lat' dir='ltr'>et</span> <span class='ocrx_word' id='word_1_251' title='bbox 662 2376 894 2416; x_wconf 87' lang='lat' dir='ltr'>Mracotam</span> <span class='ocrx_word' id='word_1_252' title='bbox 934 2378 1080 2417; x_wconf 80' lang='lat' dir='ltr'>milites</span> <span class='ocrx_word' id='word_1_253' title='bbox 1113 2378 1152 2416; x_wconf 91' lang='lat' dir='ltr'>in</span> <span class='ocrx_word' id='word_1_254' title='bbox 1186 2390 1301 2417; x_wconf 87' lang='lat' dir='ltr'>suam</span> <span class='ocrx_word' id='word_1_255' title='bbox 1337 2382 1507 2432; x_wconf 87' lang='lat' dir='ltr'>partem,</span> <span class='ocrx_word' id='word_1_256' title='bbox 1542 2390 1618 2429; x_wconf 85' lang='lat' dir='ltr'>per</span> <span class='ocrx_word' id='word_1_257' title='bbox 1655 2391 1758 2430; x_wconf 87' lang='lat' dir='ltr'>quos</span> <span class='ocrx_word' id='word_1_258' title='bbox 1794 2380 1832 2417; x_wconf 90' lang='lat' dir='ltr'>in</span> <span class='ocrx_word' id='word_1_259' title='bbox 1867 2378 1983 2417; x_wconf 84' lang='lat' dir='ltr'>arbi-</span> 
     </span>
     <span class='ocr_line' id='line_1_32' title="bbox 127 2445 1983 2499; baseline 0.001 -16"><span class='ocrx_word' id='word_1_260' title='bbox 127 2445 275 2484; x_wconf 89' lang='lat' dir='ltr'>trando</span> <span class='ocrx_word' id='word_1_261' title='bbox 316 2445 454 2484; x_wconf 87' lang='lat' dir='ltr'>taliter</span> <span class='ocrx_word' id='word_1_262' title='bbox 496 2450 562 2484; x_wconf 86' lang='lat' dir='ltr'>est</span> <span class='ocrx_word' id='word_1_263' title='bbox 601 2456 856 2499; x_wconf 84' lang='lat' dir='ltr'>processum,</span> <span class='ocrx_word' id='word_1_264' title='bbox 890 2446 996 2497; x_wconf 85' lang='lat' dir='ltr'>quod</span> <span class='ocrx_word' id='word_1_265' title='bbox 1037 2446 1279 2497; x_wconf 75' lang='lat' dir='ltr'>sepedictus</span> <span class='ocrx_word' id='word_1_266' title='bbox 1313 2448 1579 2486; x_wconf 79' lang='lat' dir='ltr'>Hei-mannus</span> <span class='ocrx_word' id='word_1_267' title='bbox 1614 2448 1733 2486; x_wconf 90' lang='lat' dir='ltr'>nobis</span> <span class='ocrx_word' id='word_1_268' title='bbox 1767 2448 1807 2486; x_wconf 93' lang='lat' dir='ltr'>in</span> <span class='ocrx_word' id='word_1_269' title='bbox 1840 2447 1983 2486; x_wconf 85' lang='lat' dir='ltr'>minori</span> 
     </span>
     <span class='ocr_line' id='line_1_33' title="bbox 128 2512 1984 2569; baseline 0.001 -17"><span class='ocrx_word' id='word_1_270' title='bbox 128 2513 341 2553; x_wconf 80' lang='lat' dir='ltr'>Hosschiz</span> <span class='ocrx_word' id='word_1_271' title='bbox 376 2526 495 2552; x_wconf 81' lang='lat' dir='ltr'>vnum</span> <span class='ocrx_word' id='word_1_272' title='bbox 530 2526 712 2552; x_wconf 84' lang='lat' dir='ltr'>mansum</span> <span class='ocrx_word' id='word_1_273' title='bbox 747 2515 786 2553; x_wconf 93' lang='lat' dir='ltr'>in</span> <span class='ocrx_word' id='word_1_274' title='bbox 820 2512 926 2553; x_wconf 80' lang='lat' dir='ltr'>sesto</span> <span class='ocrx_word' id='word_1_275' title='bbox 960 2516 1094 2553; x_wconf 86' lang='lat' dir='ltr'>sancti</span> <span class='ocrx_word' id='word_1_276' title='bbox 1120 2516 1292 2554; x_wconf 78' lang='lat' dir='ltr'>Martini</span> <span class='ocrx_word' id='word_1_277' title='bbox 1326 2527 1505 2555; x_wconf 84' lang='lat' dir='ltr'>marcam</span> <span class='ocrx_word' id='word_1_278' title='bbox 1539 2520 1581 2555; x_wconf 88' lang='lat' dir='ltr'>et</span> <span class='ocrx_word' id='word_1_279' title='bbox 1606 2516 1779 2554; x_wconf 87' lang='lat' dir='ltr'>lotonem</span> <span class='ocrx_word' id='word_1_280' title='bbox 1813 2515 1984 2569; x_wconf 82' lang='lat' dir='ltr'>argenti</span> 
     </span>
     <span class='ocr_line' id='line_1_34' title="bbox 129 2582 1983 2637; baseline 0.001 -16"><span class='ocrx_word' id='word_1_281' title='bbox 129 2585 172 2621; x_wconf 88' lang='lat' dir='ltr'>et</span> <span class='ocrx_word' id='word_1_282' title='bbox 203 2594 324 2622; x_wconf 90' lang='lat' dir='ltr'>vnum</span> <span class='ocrx_word' id='word_1_283' title='bbox 350 2582 634 2637; x_wconf 89' lang='lat' dir='ltr'>molendinum,</span> <span class='ocrx_word' id='word_1_284' title='bbox 669 2583 868 2622; x_wconf 85' lang='lat' dir='ltr'>dimidiam</span> <span class='ocrx_word' id='word_1_285' title='bbox 894 2595 1086 2637; x_wconf 87' lang='lat' dir='ltr'>marcam,</span> <span class='ocrx_word' id='word_1_286' title='bbox 1119 2596 1169 2623; x_wconf 89' lang='lat' dir='ltr'>ac</span> <span class='ocrx_word' id='word_1_287' title='bbox 1194 2597 1316 2624; x_wconf 88' lang='lat' dir='ltr'>vnum</span> <span class='ocrx_word' id='word_1_288' title='bbox 1341 2593 1470 2625; x_wconf 82' lang='lat' dir='ltr'>ortum</span> <span class='ocrx_word' id='word_1_289' title='bbox 1505 2588 1546 2624; x_wconf 90' lang='lat' dir='ltr'>et</span> <span class='ocrx_word' id='word_1_290' title='bbox 1576 2584 1777 2624; x_wconf 89' lang='lat' dir='ltr'>dimidium</span> <span class='ocrx_word' id='word_1_291' title='bbox 1806 2583 1983 2623; x_wconf 89' lang='lat' dir='ltr'>lotonem</span> 
     </span>
    </p>
   </div>
  </div>
 </body>
</html>
