2138 2845
1066 179 1096 218 6

150 321 334 373 qualibet
367 322 418 360 ad
453 321 748 372 proprietatem
783 321 996 372 pristinam
1028 324 1070 360 et
1096 333 1199 360 vsus
1233 320 1390 360 rediret
1422 319 1673 360 dominarum
1705 325 1885 373 excepto
1919 321 2012 360 ivre

151 394 394 441 patronatus
430 390 627 429 Ecclesie
653 380 750 429 ville
784 389 836 429 de
860 390 1060 430 Mertiniz
1094 401 1213 441 quam
1247 388 1411 440 prefate
1445 389 1678 428 Abbatissa
1712 393 1753 429 et
1776 393 2012 430 conventus

150 461 201 499 ad
244 459 505 498 collationem
549 463 591 498 et
637 460 993 510 presentationem
1038 460 1117 498 sibi
1160 459 1263 509 ipsis
1315 459 1558 509 specialiter
1600 462 1889 498 reseruarunt.
1931 459 2012 498 hoc

150 529 280 568 eciam
314 528 478 567 adiecto
505 528 670 579 quando
704 527 947 578 sepedictus
972 528 1100 568 Miles
1134 528 1276 566 carnis
1310 527 1489 567 debitum
1515 527 1769 579 persoluerit
1799 527 2013 568 moriendo

149 597 186 636 si
219 597 286 648 qui
320 597 430 636 lanei
464 597 505 636 in
539 597 685 636 eadem
719 597 1015 636 inhabitabiles
1047 595 1202 636 suerint
1235 600 1277 636 et
1309 597 1450 636 inculti
1483 608 1573 636 cum
1606 596 1699 636 aliis
1733 597 1867 637 laneis
1900 596 2011 636 bene

150 666 271 705 cultis
304 667 413 705 inter
446 666 700 705 abbatissam
735 669 776 705 et
809 669 1058 705 conventum
1093 669 1134 704 et
1166 664 1351 704 heredes
1394 676 1502 717 equa
1535 669 1650 705 sorte
1683 677 1774 705 cum
1807 666 1939 717 pratis
1972 667 2015 705 et

149 735 320 785 pascuis
361 734 612 773 dividantur.
677 735 828 774 Actum
866 735 908 772 in
949 734 1095 773 Znoim
1135 733 1268 784 pridie
1307 733 1409 773 Idus
1451 734 1569 774 Maii.
1632 734 1681 773 In
1721 735 1844 774 huius
1884 734 2013 773 debiti

150 806 391 842 contractus
432 804 689 842 condicionis
731 804 798 853 pie
841 801 1157 841 consuetudinis
1191 802 1426 852 approbate
1466 804 1699 842 memoriam
1738 803 2012 843 testimonium

150 877 191 911 et
231 872 433 910 cautelam
477 876 713 921 presentem
757 871 955 924 paginam
996 871 1128 923 sigilli
1168 871 1300 910 nostri
1340 872 1558 911 munimine
1600 869 1773 911 fecimus
1806 871 2011 912 roborari.

150 941 299 979 Datum
334 941 374 978 in
410 940 569 978 brunna
603 951 711 979 anno
747 939 894 978 domini
929 940 989 979 M.
1024 937 1114 979 CC.
1151 939 1353 978 LXVIII.
1396 940 1491 978 1111.
1524 939 1624 979 Idus
1658 940 1880 979 Februarii
1912 951 2014 992 pre-

149 1009 338 1047 sentibus
373 1008 558 1047 dominis.
592 1009 823 1047 Bohvsone
857 1012 899 1047 et
926 1009 1184 1047 Hartmanno
1218 1006 1418 1047 fratribus
1452 1008 1503 1047 (10
1528 1008 1760 1047 Zeblowiz.
1793 1009 2015 1048 anatone

150 1077 202 1116 de
229 1077 457 1115 'razzowe
493 1076 672 1117 Cvnone
702 1077 906 1129 quondam
930 1077 1165 1130 bui-granio
1194 1077 1233 1115 in
1264 1077 1502 1128 Eychorns.
1527 1077 1704 1117 Matheo
1730 1076 1782 1116 de
1809 1076 2012 1117 Gabbals.

150 1146 298 1185 Leone
331 1146 506 1186 zvdario
541 1146 771 1185 brunnensi
806 1150 847 1185 et
879 1146 971 1185 aliis
1006 1157 1125 1198 quam
1158 1145 1360 1197 pluribvs.

460 1245 513 1276 Ex
538 1246 735 1287 originali
761 1244 947 1286 ejusdem
971 1246 1158 1276 monasterii
1182 1254 1252 1276 cum
1277 1244 1385 1286 sigillo
1410 1245 1535 1276 illaeso.

1047 1410 1126 1451 Vl.

151 1514 378 1561 mukar-us,
418 1526 502 1553 reoe
537 1515 740 1554 Boiimz'ae
779 1518 818 1555 et
846 1514 1038 1554 marchio
1070 1515 1308 1564 Morariae,
1342 1513 1573 1566 Sleplmrw,
1615 1515 1699 1554 ciri
1732 1513 2015 1566 olomucensi,

150 1584 370 1636 confirmat
400 1583 588 1635 officium
621 1582 673 1622 de
704 1585 821 1623 rasi-s*
855 1583 1086 1633 trahendis,
1120 1583 1247 1634 vulqo
1283 1583 1544 1624 Solu-ouante
1575 1595 1649 1622 seu
1681 1579 1810 1635 (Ji-nd.
1852 1584 2012 1623 Datum

584 1652 775 1704 Proque,
809 1653 933 1693 XIV.
968 1652 1194 1693 Kalendas
1226 1653 1390 1703 Martii,
1431 1652 1582 1693 1268.

323 1743 383 1805 ln
431 1764 594 1802 nomine
645 1763 795 1803 domini
843 1767 1077 1815 sancteque
1125 1766 1167 1802 et
1216 1763 1426 1803 indiuidue
1469 1764 1665 1803 trinitatis
1711 1764 1859 1803 Amen.
1922 1763 2015 1803 Nos

151 1832 394 1886 Ottakarus⁷
441 1832 507 1871 dei
549 1833 702 1886 gracia
747 1833 919 1872 Boemie
962 1843 1053 1886 rex,
1101 1832 1187 1871 dux
1226 1834 1400 1873 Austrie
1449 1840 1491 1872 et
1531 1832 1690 1887 Styrie,
1740 1844 1791 1872 ac
1830 1832 2015 1873 marchio

150 1902 359 1955 Morauie7
393 1901 580 1940 omnibus
612 1902 936 1953 inperpetuum.
978 1901 1047 1941 Ab
1081 1901 1256 1941 humana
1282 1914 1386 1953 sepe
1419 1903 1613 1941 memoria
1642 1900 1753 1941 sacta
1787 1902 2016 1941 mortalium

151 1982 354 2021 processu
389 1972 586 2021 temporis
631 1974 906 2024 euanescunt,
940 1970 1020 2009 nisi
1059 1971 1230 2021 scriptis
1264 1971 1516 2010 authenticis
1558 1973 1673 2010 iuxta
1714 1971 2015 2010 celeberrimas

151 2048 339 2079 veterum
372 2040 621 2078 traditiones
655 2038 807 2080 suerint
840 2039 1115 2091 perhennata.
1163 2040 1231 2079 Ad
1266 2041 1446 2079 notitiam
1482 2041 1612 2093 igitur
1644 2044 1725 2079 tam
1760 2041 2015 2091 presentium

152 2120 269 2160 quam
304 2107 530 2147 futurorum
565 2109 753 2148 volumus
780 2110 1018 2164 peruenire,
1052 2109 1159 2162 quod
1188 2108 1400 2161 Czqnnw,
1435 2110 1519 2148 ciui
1552 2113 1694 2148 nostro
1731 2109 2015 2160 olomucensi,

152 2178 340 2229 pensatis
375 2188 451 2216 sue
484 2178 641 2215 meritis
677 2178 893 2228 probitatis
937 2182 978 2218 et
1012 2179 1242 2232 obsequiis,
1276 2179 1382 2229 patri
1418 2182 1560 2218 nostro
1594 2179 1710 2217 clare
1744 2178 1940 2217 memorie
1974 2180 2017 2217 et

151 2247 271 2286 nobis
307 2246 453 2286 dudum
495 2246 708 2300 exhibitis,
744 2250 785 2286 et
827 2248 963 2287 adhuc
996 2249 1084 2287 vita
1123 2250 1271 2287 comite
1306 2248 1345 2286 in
1381 2252 1590 2298 posterum
1624 2246 1889 2300 exhibendis7
1925 2244 2015 2286 offi-

153 2318 256 2355 cium
291 2316 342 2355 de
377 2317 492 2354 vasis
520 2315 736 2354 trahendis
772 2316 904 2369 vulgo
930 2315 1201 2357 Solu-olambc
1231 2328 1305 2356 sect
1341 2318 1489 2367 hyzne
1521 2320 1710 2355 uocatum
1746 2317 1785 2355 in
1822 2312 2014 2366 olmucz,

152 2386 261 2425 sicut
294 2385 498 2424 hactenus
532 2388 613 2423 tam
646 2396 671 2423 a
705 2388 825 2435 patre
860 2388 1003 2424 nostro
1038 2395 1158 2436 quam
1199 2398 1223 2424 a
1259 2386 1378 2425 nobis
1412 2387 1558 2438 tenuit,
1599 2386 1853 2425 authoritate
1886 2383 2013 2436 regia

151 2455 202 2493 de
236 2458 439 2494 consueta
463 2454 741 2507 benignitatis
776 2455 929 2507 gracia
957 2452 1256 2508 confirmamus7
1291 2466 1380 2493 cum
1407 2456 1510 2494 omni
1541 2455 1795 2506 plenitudine
1821 2453 1884 2491 sui
1912 2452 2013 2491 iuris

152 2523 229 2562 sibi
264 2524 436 2575 suisque
469 2523 698 2563 heredibus
732 2524 945 2562 masculini
978 2526 1131 2561 tantum
1165 2534 1297 2562 sexus
1333 2529 1533 2574 perpetuo
1569 2521 1860 2574 possidendum
1896 2521 2014 2571 paci-

155 2591 230 2632 lice
281 2597 323 2633 et
375 2594 540 2648 quiete,
594 2592 946 2648 indulgemusque
994 2591 1280 2632 nichilominus
1330 2593 1463 2632 eidem
1519 2592 1571 2631 de
1621 2591 1775 2644 gracia
1822 2589 2013 2643 speciali,
