2138 2845
1025 221 1130 262 220

998 360 1156 405 CLIX.

143 461 262 501 Idem
295 461 451 501 damna
474 473 500 500 a
525 458 725 500 militibus
750 460 840 499 suis
864 458 1019 511 oppido
1044 457 1300 498 Pohorelice
1322 457 1441 497 illata
1465 457 1586 509 larqe
1609 458 1801 498 resarcit.
1846 458 2008 499 Datum

382 531 426 569 in
460 530 613 569 castris
646 527 762 581 opud
792 529 965 579 Rosice,
998 527 1085 566 111.
1116 526 1341 566 Kalendas
1376 526 1584 578 Octobris,
1625 526 1778 568 1278.

283 622 516 683 Rudolsus
550 639 616 679 dei
649 639 803 693 gracia
836 639 1116 678 Romanorum
1155 648 1235 677 rex
1268 648 1434 689 semper
1475 638 1716 692 Augustus.
1779 637 2007 678 Vniuersis

144 707 303 751 Christi
337 708 528 749 fidelibus
561 712 641 747 tam
675 707 944 758 presentibus
979 717 1096 758 quam
1130 705 1277 746 futuris
1302 708 1612 758 imperpetuum.
1661 705 1909 761 Congruum
1942 709 2010 746 est

145 783 188 819 et
220 779 477 831 condecens,
511 779 553 816 et
586 777 713 830 regie
747 777 945 815 conuenit
978 775 1196 828 maiestati7
1229 780 1274 814 vt
1306 774 1501 815 ciuitates
1541 780 1583 815 et
1614 775 1780 829 oppida,
1813 786 1895 827 que
1927 786 2008 815 non

143 847 419 900 exigentibus
466 845 784 884 inhabitatorum
825 856 993 884 suorum
1035 843 1205 897 meritis,
1252 843 1329 882 sed
1371 855 1447 894 per
1488 855 1759 898 gwerrarum
1800 855 1927 884 casus
1967 846 2010 883 et

142 917 316 955 iniurias
357 914 609 965 depopulate
642 914 795 967 iacent,
836 913 889 952 ad
934 914 1162 965 pristinum,
1202 924 1334 963 ymmo
1374 913 1581 952 meliorem
1621 913 1819 953 commodi
1859 916 2007 953 statum

143 985 412 1024 suscitentur.
450 983 561 1022 Hinc
587 986 666 1036 est7
698 982 805 1034 quod
833 994 909 1022 nos
938 983 1147 1021 intuentes
1173 982 1506 1021 destruccionem
1532 981 1641 1033 opidi
1666 983 1799 1021 nostri
1831 981 2010 1021 Polzor-

143 1053 264 1103 licze‚
297 1063 378 1104 que
411 1064 436 1091 a
461 1052 616 1091 nostris
650 1051 843 1091 militibus
869 1049 981 1090 facta
1016 1061 1116 1090 esse
1143 1050 1386 1103 dinoscitur7
1420 1061 1474 1089 ne
1508 1050 1657 1090 dictum
1690 1050 1852 1102 opidum
1887 1051 2010 1102 plene

143 1122 370 1175 desoletur7
413 1121 718 1172 compassionis
762 1121 907 1159 intuitu
948 1121 1079 1171 ipsius
1123 1119 1282 1158 incolas
1324 1119 1499 1170 speciali
1539 1120 1654 1158 circa
1697 1122 1929 1159 restaurum
1969 1122 2012 1160 et

144 1188 375 1241 profectum
409 1189 636 1228 eorundem
671 1190 824 1242 gracia
858 1189 1048 1228 duximus
1081 1186 1292 1228 refouere.
1339 1188 1613 1242 Indulgemus
1646 1188 1778 1242 igitur
1811 1188 2011 1239 predictis

143 1257 334 1298 fidelibus
368 1259 523 1298 nostris
564 1258 617 1297 (le
650 1257 915 1312 Pohorche7
959 1262 1001 1297 ut
1033 1257 1229 1297 telonium
1269 1256 1379 1307 apud
1413 1256 1562 1297 dictum
1603 1257 1780 1310 opidum⁷
1820 1257 1929 1308 quod
1969 1257 2012 1297 in

144 1327 318 1381 vulgari
352 1326 595 1366 Prulcmaul
624 1327 873 1380 appellatur,
907 1327 1114 1365 continuis
1148 1325 1293 1364 decem
1326 1326 1447 1364 annis
1482 1326 1521 1364 in
1556 1337 1657 1364 vsus
1690 1338 1791 1365 suos
1824 1329 1867 1365 et
1898 1325 2011 1376 opidi

145 1395 332 1434 eiusdem
373 1396 591 1446 recipiant.
655 1395 872 1434 Donamus
914 1396 1045 1434 eciam
1086 1395 1242 1434 eisdem
1286 1394 1430 1433 rubum
1469 1405 1598 1445 super
1639 1392 1800 1433 flumine
1831 1394 2010 1449 yglaua,

147 1464 256 1516 quod
290 1465 453 1502 nomine
495 1463 657 1513 duprcv
690 1467 964 1516 nuncupatur⁷
1008 1464 1224 1514 perpetuis
1257 1463 1510 1514 temporibus
1545 1462 1852 1514 possidendum.
1915 1464 2010 1503 Hec

144 1536 281 1572 autem
314 1533 538 1571 concessio
563 1530 672 1571 facta
707 1535 772 1571 est
795 1533 835 1570 in
868 1533 1091 1582 presencia
1126 1532 1246 1572 etde
1279 1543 1491 1571 consensu
1525 1532 1676 1570 nobilis
1704 1533 1782 1571 uiri
1815 1532 2011 1583 Ierozlay

148 1601 200 1640 de
242 1601 426 1654 Krauar⁷
469 1601 607 1639 nuncii
649 1601 810 1639 domine
855 1599 1182 1654 chunegundis,
1225 1601 1398 1639 illustris
1439 1599 1714 1639 Bohemorum
1754 1602 1923 1655 regine,
1956 1599 2010 1639 ad

145 1680 266 1721 quam
300 1668 529 1719 predictum
555 1669 717 1719 opidum
752 1669 841 1707 iure
867 1668 1050 1708 dotalicii
1083 1669 1298 1708 didicimus
1325 1668 1550 1719 pertinere.
1597 1669 1777 1720 Insuper
1808 1669 2012 1723 volumus,

143 1741 189 1777 ut
235 1737 435 1777 antedicti
478 1738 615 1776 incole
655 1748 731 1788 per
778 1739 1004 1777 vniuersas
1046 1741 1184 1777 terras
1233 1738 1392 1788 imperii
1434 1740 1560 1789 atque
1599 1738 1706 1791 loca,
1749 1737 1817 1777 ubi
1856 1737 2011 1777 telonia

144 1807 312 1846 nomine
346 1809 489 1845 nostro
522 1806 653 1856 recipi
686 1810 1013 1859 consueuerunt⁷
1048 1807 1241 1846 continuo
1275 1807 1482 1845 decennio
1516 1806 1635 1845 liberi
1669 1811 1889 1846 transeant
1920 1807 2013 1846 sine

145 1875 372 1914 cuiuslibet
405 1875 635 1928 vectigalis
660 1875 751 1913 siue
784 1878 892 1913 mute
917 1876 1165 1928 exaccione,
1198 1876 1364 1926 sintque
1388 1875 1553 1914 liberati
1587 1875 1640 1914 ab
1668 1876 1771 1914 omni
1795 1875 2012 1914 solucione

145 1944 501 1982 contribucionum
549 1944 640 1982 siue
686 1947 920 1983 steurarum
971 1955 1048 1994 per
1096 1944 1204 1983 idem
1249 1944 1432 1995 spacium
1485 1955 1698 1982 annorum.
1762 1943 2011 1984 Mandamus

145 2013 278 2065 igitur
310 2013 472 2051 cunctis
506 2010 695 2051 fidelibus
730 2013 885 2051 nostris
918 2024 994 2064 per
1025 2013 1251 2053 Romanum
1286 2013 1494 2063 imperium
1521 2012 1770 2065 constitutis,
1804 2016 2011 2064 quatenus

147 2081 358 2131 predictos
393 2081 580 2121 homines
624 2081 675 2120 de
710 2081 934 2121 Pohorlize
976 2082 1014 2121 in
1048 2086 1193 2120 nostre
1234 2081 1494 2120 liberalitatis
1537 2081 1816 2120 concessione
1850 2081 2011 2120 minime

147 2153 386 2199 presumant
419 2149 655 2203 molestare⁷
689 2149 764 2188 sed
801 2150 946 2200 pocius
987 2151 1185 2189 studeant
1216 2161 1477 2190 conseruare
1510 2147 1669 2189 fauoris
1702 2154 1846 2189 nostre
1879 2150 2010 2189 maie-

147 2218 269 2255 statis
303 2216 379 2254 sub
415 2217 597 2256 obtentu.
662 2218 710 2256 In
750 2219 870 2258 cuius
904 2220 965 2258 rei
1006 2220 1279 2258 testimonium
1313 2223 1355 2258 et
1387 2221 1631 2269 perpetuum
1672 2218 1837 2258 roboris
1871 2216 2009 2258 firma-

147 2289 322 2323 mentum
358 2290 592 2334 presentem
628 2287 827 2339 paginam
867 2288 1098 2327 maiestatis
1131 2291 1274 2327 nostre
1315 2287 1458 2341 sigillo
1499 2287 1688 2327 duximus
1721 2286 2009 2326 roborandam.

149 2352 302 2392 Datum
345 2353 382 2391 in
417 2355 568 2392 castris
608 2355 715 2404 apud
751 2356 908 2395 Rossiz
949 2357 1023 2395 ΙΙΙ.
1055 2356 1276 2395 Kalendas
1319 2356 1530 2396 Octobris.
1592 2355 1834 2396 Indiccione
1872 2357 2008 2394 sexta.

150 2422 280 2461 Anno
314 2421 462 2460 domini
496 2421 874 2464 MCCLxxvnl.
907 2425 1055 2479 Regni
1089 2426 1219 2465 nostri
1253 2437 1362 2465 anno
1396 2426 1551 2476 quinto.

462 2520 515 2552 Ex
540 2522 740 2560 originali
765 2523 923 2563 qnondam
948 2525 1133 2555 monasterii
1158 2523 1301 2555 Cellae
1331 2534 1359 2556 s,
1384 2523 1541 2555 Mariae
1564 2524 1595 2555 in
1617 2522 1751 2554 archivo
1775 2519 1900 2554 Societ.
1923 2520 2007 2554 Jcsu

564 2573 803 2604 Brunensis.
828 2593 871 2598 —
894 2575 1059 2606 Excusum
1086 2575 1233 2606 ibidem
1258 2585 1334 2617 pag.
1360 2575 1421 2606 52.
