2138 2845
1118 148 1225 188 364

991 287 1344 331 CCLXXXVII.

239 383 539 434 Theodericus,
573 383 797 435 episcopus
831 383 1139 433 olomucensis,
1179 383 1400 436 confirmat
1435 383 1688 424 monialibus
1722 385 2092 430 Oslowanensibus

259 454 338 506 jus
367 455 616 506 patronatus
648 452 851 492 ecclesiae
882 453 926 492 in
958 451 1182 492 Rudilsow.
1246 453 1320 492 Dc.
1352 453 1397 492 in
1428 452 1637 505 mods-tce,
1671 453 1795 494 XVI.
1829 456 2052 499 Kalendas

958 521 1176 571 ,Ianum-ii,
1217 519 1368 561 1289.

378 615 677 686 Theodricus,
720 631 786 671 dei
829 632 982 686 gracia
1022 631 1311 672 olomucensis
1354 632 1592 683 episcopus.
1655 633 1902 674 Karissimis
1934 635 2015 675 sibi
2047 636 2091 676 in

234 700 403 744 Christo
438 732 447 741 .
482 732 491 741 .
525 702 743 740 abbatisse
776 704 818 740 et
850 700 1067 740 sororibus
1102 700 1352 740 dominarum
1385 700 1438 740 de
1473 701 1578 741 Osla
1611 702 1817 741 sinceram
1857 703 1896 742 in
1930 703 2091 744 domino

230 771 459 811 caritatem.
523 770 788 824 Religiosam
827 770 952 809 uitam
1000 769 1260 824 eligentibus
1308 769 1482 823 dignum
1530 773 1596 808 est
1634 781 1710 809 nos
1750 782 1944 825 congrua
1984 783 2090 812 con-

229 839 496 879 sideracione
530 840 792 892 prospicere,
826 849 879 877 ne
904 837 1118 877 cuiusdam
1144 838 1415 877 necessitatis
1449 838 1616 877 occasio
1651 842 1722 878 aut
1747 838 1919 879 desides
1946 837 2088 895 faciat,

229 911 313 962 aut,
347 907 455 960 quod
488 907 611 961 absit,
645 908 773 947 robur
804 911 952 947 sancte
985 907 1332 947 conuersacionis
1375 905 1593 960 infringat.
1656 906 1896 958 Eapropter
1935 908 2088 949 dilecte

226 978 268 1017 in
303 975 474 1018 Christo
508 974 588 1016 filie
621 977 775 1016 uestris
808 976 1191 1028 supplicacionibus
1227 979 1401 1027 paterno
1434 975 1830 1016 condescendentes
1863 975 2014 1017 affectu
2046 980 2089 1018 et

226 1047 530 1098 promocionem
563 1049 606 1084 et
639 1045 886 1084 commodum
920 1045 1054 1084 vestri
1087 1045 1251 1084 cenobii
1286 1046 1363 1096 piis
1397 1045 1542 1084 animis
1576 1047 1851 1095 acceptantes
1884 1045 2087 1085 donacio-

226 1125 318 1154 nem
351 1114 452 1154 iuris
485 1117 744 1168 patronatus⁷
779 1126 897 1165 quam
931 1115 1140 1154 Ernestus
1174 1112 1278 1154 filius
1308 1114 1538 1153 Hermanni
1570 1114 1776 1165 quondam
1809 1114 1862 1153 de
1893 1114 2086 1154 Ruduico

226 1184 279 1224 de
312 1195 525 1224 consensu
557 1184 698 1224 matris
733 1187 775 1223 et
796 1181 938 1223 fratris
972 1194 1022 1222 ac
1050 1184 1209 1222 sororis
1242 1184 1283 1222 in
1316 1183 1409 1234 ipsa
1436 1183 1622 1223 ecclesia
1655 1182 1708 1223 de
1732 1182 1933 1223 Ruduico
1965 1183 2086 1223 uobis

225 1255 267 1292 et
298 1256 443 1292 uestro
470 1253 719 1292 monasterio
753 1251 852 1291 fecit
877 1264 966 1291 cnm
1000 1253 1088 1291 suis
1123 1253 1394 1303 pertinenciis
1428 1264 1501 1303 pro
1528 1264 1694 1291 suorum
1716 1251 1899 1291 remedio
1927 1263 2085 1303 pecca-

224 1324 369 1374 torum7
404 1326 533 1360 ratam
570 1321 787 1374 habemus,
826 1326 868 1360 et
909 1332 999 1360 eam
1033 1323 1282 1360 auctoritate
1323 1321 1536 1360 ordinaria
1577 1319 1876 1374 confirmamus,
1909 1324 1951 1361 et
1983 1332 2084 1371 pre-

223 1391 357 1428 sentis
399 1390 542 1440 scripti
593 1390 822 1440 patrocinio
872 1391 1175 1428 communimus.
1240 1389 1389 1428 Datum
1437 1389 1477 1427 in
1524 1388 1734 1442 Modrich⁷
1783 1400 1892 1428 anno
1934 1389 2083 1429 domini

224 1459 447 1499 millesimo.
480 1456 572 1499 CC.
605 1459 898 1512 octuagesimo
930 1470 1053 1498 nono.
1086 1458 1208 1498 XVI.
1239 1457 1457 1498 Kalendas
1490 1457 1686 1497 Ianuarii.

534 1557 588 1590 Ex
613 1556 814 1600 originali
839 1555 1022 1598 ejusdcm
1047 1557 1244 1588 monasterii.

967 1723 1341 1766 CCLxxxvln.

218 1831 506 1880 Hei-marmusj
540 1830 645 1868 ciris
679 1828 947 1880 Opaz-iensis,
990 1826 1132 1866 rendit
1159 1829 1327 1880 pratum
1359 1838 1479 1866 sunm
1514 1825 1630 1877 apud
1667 1837 1865 1876 maynum
1904 1825 2081 1865 Hostice

638 1896 879 1936 concta-ibus
911 1895 1136 1936 Ludorc'co
1169 1899 1207 1935 el
1236 1895 1442 1934 lsem-ico.
1514 1893 1665 1935 1289.

388 1991 446 2051 In
480 2008 642 2048 nomine
676 2008 826 2047 domini
858 2019 992 2047 amen.
1035 2006 1170 2048 Gesta
1202 2007 1445 2058 temporalia
1478 2006 1651 2045 lecturis
1684 2005 1935 2057 quandoque
1967 2005 2078 2046 obli-

216 2077 378 2116 uionum
413 2077 552 2117 dedita
585 2078 740 2117 irritari
773 2077 911 2117 solent
945 2088 1020 2128 per
1059 2075 1166 2116 salsa
1199 2076 1432 2127 calumpnie
1471 2079 1745 2129 argumenta3
1778 2074 1974 2114 Vtendum
2006 2078 2075 2114 est

215 2156 325 2199 ergo
359 2147 566 2197 scripture
600 2147 750 2186 notulis
785 2158 858 2197 pro
892 2146 1071 2199 cautela,
1106 2150 1162 2199 vt¹7
1196 2144 1304 2197 quod
1338 2143 1522 2184 fortasse
1549 2144 1738 2183 humanis
1771 2143 1977 2183 mentibus
2010 2147 2076 2183 est

215 2214 371 2265 lapsum
405 2227 428 2253 a
464 2217 670 2268 memoria⁷
704 2215 784 2254 hoc
826 2219 1052 2254 reuocetur
1085 2215 1243 2266 iterum,
1285 2212 1437 2264 fiatque
1470 2212 1745 2263 perceptibile
1785 2223 1837 2251 ac
1870 2211 2072 2251 notorium

214 2293 270 2321 ex
296 2283 517 2332 scriptura.
552 2284 807 2322 Intellectum
829 2285 959 2338 igitur
983 2283 1104 2322 huius
1132 2283 1275 2333 scripti
1304 2283 1472 2333 capiant
1498 2281 1708 2332 presentis
1737 2281 1860 2320 etatis
1885 2280 2072 2319 homines

214 2351 415 2404 vniuersi⁷
458 2348 678 2402 suturaque
718 2358 860 2391 nostra
901 2353 1126 2404 posteritas
1167 2363 1248 2390 non
1290 2352 1474 2405 ignoret,
1515 2349 1622 2402 quod
1663 2360 1751 2403 ego
1784 2349 2070 2396 lim-mannua,

211 2421 316 2459 ciuis
351 2419 619 2471 Οριιηίεηεὶε,
653 2419 786 2458 dictus
820 2421 872 2459 de
905 2422 987 2464 110,
1023 2421 1074 2459 de
1109 2421 1217 2460 bona
1251 2423 1293 2459 et
1326 2420 1457 2459 libera
1492 2429 1581 2457 mea
1616 2418 1844 2469 voluntate,
1877 2425 1956 2454 nec
1989 2425 2069 2453 non

212 2489 264 2528 (le
299 2489 469 2528 oninium
495 2487 692 2527 heredum
728 2500 903 2527 meorum
933 2501 1159 2540 consonsm
1188 2488 1390 2540 quoddam
1425 2499 1553 2527 meum
1579 2485 1756 2526 sonetum
1785 2485 1876 2522 siue
1909 2486 2068 2533 pratum

212 2558 319 2597 intra
346 2558 541 2597 terminos
567 2556 664 2596 ville
691 2568 795 2610 mee7
823 2568 901 2607 quc
927 2558 1167 2610 vulgariter
1191 2568 1386 2611 magnum
1412 2555 1619 2595 Hosclzic-z.
1644 2554 1805 2604 dicitur7
1828 2550 2066 2590 collocatum
