2138 2845
989 187 1087 228 103

111 331 359 373 Purchardo
401 332 662 372 marschalco
706 331 889 370 Boemie.
929 329 1116 369 Zmilone
1168 327 1220 366 de
1260 326 1431 367 Strelik.
1475 324 1691 379 Gregorio
1739 325 1972 364 camerario

111 401 275 441 domine
323 401 492 454 regine.
540 400 793 441 Schetsone.
841 409 892 437 ac
939 398 1031 437 aliis
1082 395 1389 448 quampluribus
1438 392 1677 447 fidedignis.
1742 394 1889 433 Actum
1930 395 1973 432 et

112 469 265 509 datum.
308 470 432 508 Anno
472 469 622 508 domini
663 468 900 520 millesimo,
941 466 1237 518 ducentesimo,
1286 463 1618 516 septuagesimo7
1658 463 1804 500 tercio.
1853 460 1972 501 XIII.

112 537 337 578 Kalendas
368 537 488 577 Maii.

423 635 477 668 Ex
500 634 692 676 originali
716 634 747 665 in
770 634 862 665 curia
885 633 1091 664 Brunensi
1115 641 1186 663 cum
1211 630 1318 672 sigillo
1342 630 1574 661 venustissimo
1598 628 1768 661 bilaterali.

965 800 1126 839 Lxxl.

112 903 278 953 Bruno,
312 903 534 955 episcopus
568 902 872 952 olomucensis,
913 902 1078 954 confert
1114 901 1356 951 illeinyollo,
1390 899 1472 938 civi
1512 897 1794 947 olomucensi,
1833 895 1978 935 villam

197 969 456 1011 Kralcowice
495 973 534 1010 et
569 970 771 1010 allodium
809 971 852 1009 in
892 971 1076 1020 illo-§any
1103 970 1208 1021 jure
1243 967 1420 1019 feudali.
1484 967 1634 1006 Act-am
1675 968 1713 1004 el
1750 964 1891 1004 datum

799 1037 946 1077 Idibus
978 1038 1102 1089 Maja',
1142 1035 1296 1076 1273.

265 1131 430 1192 Bruno
480 1148 549 1188 dei
590 1148 734 1202 gratia
784 1148 1023 1198 Episcopus
1066 1145 1371 1186 olomucensis.
1433 1143 1600 1182 Dilecto
1649 1142 1730 1181 sibi
1780 1142 1980 1192 Menyolo

123 1219 204 1258 ciui
239 1218 517 1259 olomucensi.
558 1218 728 1267 suisque
769 1215 998 1254 heredibus
1038 1215 1078 1253 in
1121 1216 1377 1264 perpetuum.
1441 1209 1678 1251 Censemus
1720 1210 1980 1249 conueniens

121 1292 164 1326 et
196 1287 425 1338 honestum,
459 1295 510 1323 ac
543 1285 648 1335 pium
681 1284 812 1322 eciam
846 1283 1108 1335 arbitramur7
1141 1285 1187 1320 vt
1212 1292 1353 1320 eorum
1387 1281 1453 1331 qui
1487 1291 1536 1319 se
1569 1279 1688 1318 nobis
1722 1282 1764 1317 et
1796 1278 1981 1317 ecclesie

124 1358 268 1394 nostre
310 1353 588 1404 obsequiosos
628 1343 831 1391 exhibent
878 1356 920 1390 et
960 1349 1120 1403 fideles,
1161 1361 1251 1388 cum
1292 1346 1563 1388 benefecisse
1610 1347 1732 1387 bonis
1772 1348 1826 1386 sit
1875 1346 1982 1385 omni

128 1427 246 1475 parte
278 1422 498 1475 lucrosum7
532 1430 896 1470 recompensemus
919 1419 1149 1458 liberaliter
1181 1418 1378 1471 seruicia,
1404 1415 1619 1456 beneficiis
1653 1414 1908 1467 specialibus
1942 1416 1984 1453 et

122 1491 264 1545 gratia
296 1490 520 1544 singulari.
584 1489 694 1528 Hinc
737 1492 803 1527 est
835 1488 942 1539 quod
987 1499 1064 1527 nos
1097 1491 1323 1541 gratanter
1362 1486 1566 1537 inspectis
1600 1485 1814 1535 obsequiis
1847 1483 1983 1522 multi-

122 1560 297 1612 plicibus
330 1570 407 1610 per
439 1559 548 1597 bone
579 1558 771 1597 memorie
805 1557 1010 1608 quondam
1036 1556 1262 1596 Henricum
1296 1555 1427 1594 ciuem
1461 1553 1792 1605 olomucensem,
1826 1556 1983 1602 patrem

125 1633 235 1668 tuum
267 1626 443 1666 fideliter
485 1626 603 1666 nobis
637 1626 846 1676 impensis.
886 1624 1080 1676 quodque
1112 1627 1155 1663 tu
1195 1624 1248 1663 ad
1281 1624 1412 1663 instar
1451 1623 1547 1662 dicti
1582 1622 1712 1673 patris
1746 1622 1801 1660 tui
1835 1620 1983 1658 similia

128 1697 250 1737 nobis
296 1696 477 1735 exhibes
522 1702 565 1734 et
612 1694 804 1745 inpendis
844 1694 1028 1732 seruicia
1068 1691 1148 1732 fide
1189 1693 1312 1743 plena
1356 1695 1397 1731 et
1440 1690 1718 1730 sollicitudine
1753 1686 1982 1727 indefessa.

122 1765 387 1805 concedimus
421 1767 462 1803 et
488 1761 739 1802 conserimus
773 1762 1001 1801 liberaliter
1025 1762 1098 1801 tibi
1131 1766 1172 1801 et
1197 1761 1425 1800 heredibus
1450 1761 1531 1799 tuis
1556 1760 1645 1798 iure
1670 1756 1823 1797 feodali
1849 1757 1982 1795 villam

126 1832 179 1873 de
212 1833 459 1883 szcowiz,
501 1836 679 1884 quatuor
721 1842 888 1870 mansos
928 1830 1164 1883 habentem7
1207 1833 1248 1868 et
1281 1828 1472 1868 allodium
1514 1827 1567 1866 de
1608 1827 1789 1866 illos-scm
1822 1824 1984 1863 habens

134 1900 238 1939 duos
271 1913 452 1953 mansos,
474 1912 563 1940 cum
590 1911 735 1939 censu.
763 1899 946 1952 decimis7
971 1898 1135 1952 iudicio⁷
1161 1899 1328 1937 steuris,
1363 1897 1506 1949 pratis,
1538 1894 1698 1934 rubetis
1732 1897 1773 1933 et
1798 1893 1985 1932 omnibus

128 1970 375 2022 attinentiis3
408 1980 573 2008 necnon
606 1969 764 2008 iuribus
799 1972 840 2008 et
871 1968 1057 2008 terminis
1097 1968 1186 2006 suis
1220 1966 1368 2018 plenis7
1409 1975 1485 2015 per
1517 1967 1558 2003 te
1592 1974 1643 2002 ac
1675 1961 1859 2001 heredes
1892 1964 1985 2000 tuos

126 2037 354 2092 legitimos,
387 2038 592 2077 masculos
623 2041 778 2077 tantum
812 2040 1015 2088 perpetuo
1050 2034 1317 2086 possidenda.
1350 2032 1516 2083 capituli
1550 2031 1681 2070 nostri
1715 2030 1767 2069 ad
1801 2030 1879 2069 hoc
1913 2040 1986 2068 re-

128 2107 278 2158 quisito
318 2117 529 2145 consensu
573 2107 728 2156 pariter
771 2110 813 2144 et
846 2106 1028 2158 obtento,
1070 2105 1134 2143 cui
1177 2103 1296 2142 dabis
1337 2103 1376 2140 in
1418 2101 1752 2154 recognitionem
1786 2098 1986 2137 dictorum

126 2174 326 2213 bonorum
360 2184 591 2212 mensuram
624 2175 748 2212 tritici
783 2174 835 2212 de
868 2184 1009 2212 manso
1043 2171 1226 2222 quolibet
1265 2170 1386 2209 annis
1419 2169 1615 2223 singulis,
1650 2166 1986 2219 quemadmodum

130 2242 280 2281 vasalli
320 2243 449 2281 nostri
490 2246 531 2281 et
574 2242 759 2281 ecclesie
806 2245 963 2294 nostre,
1007 2238 1204 2279 infeodati
1245 2239 1298 2278 de
1347 2239 1467 2278 bonis
1515 2236 1841 2289 episcopalibus7
1883 2235 1987 2274 dare

131 2315 339 2350 tenentur.
372 2311 574 2361 nobisque
602 2314 644 2349 et
676 2311 832 2348 nostris
860 2309 1197 2362 successoribus7
1230 2311 1272 2347 tu
1305 2311 1348 2347 et
1372 2307 1555 2347 heredes
1588 2306 1644 2345 tui
1677 2306 1777 2345 talia
1811 2303 1987 2344 fideliter

134 2379 368 2429 inpendetis
408 2379 591 2418 seruicia
633 2378 741 2418 sicut
780 2378 993 2428 predictus
1040 2381 1159 2428 pater
1198 2381 1292 2416 tuus
1344 2377 1464 2416 nobis
1505 2375 1712 2415 exhibere
1754 2373 1986 2414 consueuit.

132 2446 253 2496 Quod
286 2452 420 2486 autem
462 2448 664 2498 premissa
703 2447 836 2486 omnia
867 2450 947 2486 tam
987 2446 1121 2498 nobis5
1161 2446 1485 2485 successoribus
1526 2446 1682 2484 nostris
1724 2447 1766 2483 et
1807 2442 1986 2493 capitulo

132 2519 287 2568 nostro,
329 2526 448 2567 quam
488 2516 557 2554 tibi
599 2519 639 2554 et
679 2514 905 2554 heredibus
950 2515 1030 2554 tuis
1069 2513 1236 2553 firmiter
1278 2517 1320 2553 et
1361 2513 1654 2553 inuiolabihter
1694 2513 1986 2562 obseruentur,

134 2589 370 2636 presentem
405 2585 602 2639 paginam
638 2584 687 2622 ad
725 2585 783 2623 rei
819 2584 1047 2623 memoriam
1080 2583 1369 2634 sempiternam
1404 2582 1499 2622 inde
1525 2581 1748 2631 conscribi„
1783 2583 1824 2619 et
1857 2578 1987 2632 sigilli
