2138 2845
1001 188 1105 229 313

125 329 273 382 omnia,
307 340 387 380 que
420 329 559 369 testati
592 326 772 383 fuerant,
805 333 903 370 ante
928 341 1094 369 crucem
1127 330 1335 369 constituti
1359 330 1586 370 secundum
1618 331 1682 370 ius
1715 334 1843 384 terre,
1877 341 1980 370 uera

124 409 223 437 esse
262 399 397 450 parati
438 402 584 437 essent
621 397 844 438 adstruere
890 400 1133 453 iuramento,
1181 399 1403 439 Boleslaus
1450 403 1491 439 et
1530 399 1746 440 Mattheus
1790 399 1979 454 predicti,

124 467 273 518 quibus
313 468 493 518 ipsorum
534 477 693 506 uxores
741 467 817 506 iam
867 467 977 506 dicte
1019 468 1059 506 in
1100 467 1226 519 priori
1266 466 1416 506 iudicio
1466 472 1696 519 protestate
1741 469 1782 508 in
1822 479 1980 508 omnem

124 540 316 575 euentum
356 537 397 575 in
437 547 566 575 causa
608 538 797 586 pretacta
838 539 880 575 et
917 536 957 575 in
998 537 1208 590 integrum
1248 537 1540 576 commiserant
1587 537 1705 576 uices
1747 548 1863 589 suas,
1903 548 1979 589 per

125 604 369 644 aduocatum
403 605 598 657 ipsorum,
631 604 830 643 dominum
865 602 1089 657 Cogiatam
1129 604 1181 643 de
1223 603 1452 658 Drnouicz,
1495 608 1645 655 sponte
1679 606 1783 644 omni
1819 606 1895 644 iuri
1928 616 1980 645 ac

123 673 275 712 actioni
299 675 536 725 cesserunt,
563 674 605 711 et
636 671 695 710 liti
728 674 1015 712 renuntiantes
1041 674 1147 712 omni
1180 674 1272 726 iuri,
1305 674 1340 712 si
1366 672 1475 724 quod
1506 673 1608 724 ipsis
1641 673 1681 712 in
1714 684 1845 712 causa
1879 685 1981 724 pre-

124 741 234 781 dicta
275 744 515 791 competere
554 740 782 794 uideretur,
831 745 990 792 partem
1037 741 1134 781 uille
1184 742 1292 780 illius
1331 745 1470 795 totam,
1513 754 1587 793 pro
1628 753 1709 793 qua
1748 743 1856 781 inter
1904 753 1980 783 eos

123 809 415 849 controuersia
447 811 555 848 mota
588 807 676 863 suit,
717 810 757 849 in
789 821 934 849 manus
967 810 1131 849 abbatis
1166 810 1341 860 predicti
1383 811 1475 850 sine
1507 810 1839 850 contradictione
1873 822 1980 863 qua-

122 877 223 917 libet
253 877 543 931 resignarunt.
583 877 756 917 Demum
780 888 882 917 uero
915 877 1130 918 assidente
1156 878 1275 918 nobis
1310 878 1471 918 domino
1500 878 1710 933 Onssone,
1744 880 1978 919 camerario

123 944 402 999 olomucensi,
435 956 544 984 anno
577 945 767 996 predicto
801 950 951 987 octauo
984 947 1075 986 idus
1108 947 1252 987 Martii
1286 959 1444 987 uxores
1485 947 1684 988 dictorum
1717 948 1903 988 Boleslai
1936 952 1979 989 et

121 1013 316 1066 Matthei,
356 1013 548 1053 nobilium
596 1012 860 1068 prefatorum,
903 1017 1126 1055 constitute
1168 1016 1208 1054 in
1250 1016 1401 1056 iudicio
1450 1017 1490 1056 in
1530 1020 1670 1056 castro
1714 1017 1979 1058 Olomucensi

122 1082 382 1133 protulerunt
424 1093 500 1133 per
533 1082 779 1123 aduocatum
822 1085 1016 1138 ipsarum,
1056 1085 1367 1124 Pardussonem
1410 1085 1462 1124 de
1496 1085 1656 1139 Horka,
1689 1097 1738 1125 se
1773 1090 1903 1126 ratum
1936 1090 1980 1127 et

122 1153 291 1204 gratum
324 1149 555 1205 habituraS,
581 1151 775 1203 quidquid
811 1153 851 1192 in
884 1154 1010 1204 priori
1036 1153 1187 1192 iudicio
1221 1164 1298 1204 per
1324 1154 1506 1204 ipsarum
1531 1154 1716 1208 maritos,
1745 1154 1979 1195 accedente

122 1219 336 1258 voluntate
369 1231 445 1258 sua
479 1223 726 1273 spontanea,
760 1218 884 1260 fuerit
916 1219 1079 1260 sactum.
1142 1222 1349 1261 Preterea
1390 1222 1575 1262 dominus
1609 1223 1742 1262 abbas
1776 1221 1979 1278 prefatus,

121 1286 350 1326 affectuosa
383 1288 550 1338 pietatis
583 1288 871 1328 misericordia
906 1289 1140 1343 inclinatus,
1183 1291 1306 1329 uxori
1339 1291 1524 1330 Boleslai
1568 1294 1610 1331 et
1641 1292 1765 1331 uxori
1797 1292 1977 1332 Matthei

120 1354 319 1405 predictis
352 1358 509 1406 partem
543 1356 639 1395 uille
678 1355 868 1406 predicte
901 1357 1139 1396 'siesseticz
1180 1358 1359 1397 iudiciali
1394 1360 1642 1399 anctoritate
1682 1360 1820 1411 quoad
1851 1361 1977 1400 uitam

118 1425 299 1474 ipsarum
333 1434 422 1462 cum
456 1424 643 1464 omnibus
676 1425 764 1464 suis
797 1425 1059 1475 pertinentiis
1092 1428 1306 1467 concessit
1339 1427 1645 1480 possidendam,
1679 1428 1736 1467 ita
1769 1432 1824 1481 ut,
1860 1431 1977 1479 post-

118 1503 238 1544 quam
273 1504 356 1532 vna
381 1493 563 1544 ipsarum
591 1493 757 1533 sublata
791 1492 916 1534 fuerit
949 1494 1001 1534 de
1029 1495 1177 1548 medio,
1202 1507 1317 1549 pars,
1345 1507 1465 1547 quam
1491 1494 1687 1536 defuncta
1710 1497 1976 1552 possederat,

116 1560 169 1600 ad
211 1560 435 1600 ecclesiam
477 1560 782 1601 Gradicensem
825 1574 916 1602 cum
955 1564 1144 1603 omnibus
1187 1565 1430 1617 seminibus,
1471 1565 1605 1618 equis,
1654 1565 1892 1619 pecoribus,
1934 1570 1976 1606 et

116 1629 273 1669 ceteris
306 1629 563 1683 animalibus,
604 1633 647 1669 et
687 1631 793 1669 omni
833 1631 1009 1670 vtilitate
1050 1632 1184 1671 libere
1217 1637 1468 1672 reuertatur.
1532 1633 1720 1672 Eandem
1754 1645 1974 1673 censuram

117 1697 170 1737 de
202 1697 364 1748 reliqua
398 1700 517 1747 parte
551 1696 741 1737 decreuit
771 1698 934 1753 haberi,
975 1703 1189 1751 postquam
1223 1700 1360 1740 diuino
1395 1701 1573 1741 examini
1606 1699 1731 1740 fuerit
1764 1702 1974 1756 deputata,

114 1767 172 1805 ita
214 1765 323 1816 quod
364 1765 544 1815 ipsarum
585 1766 718 1805 mariti
757 1770 980 1817 presentes
1024 1768 1092 1806 uel
1130 1766 1268 1822 futuri,
1307 1769 1375 1808 uel
1416 1770 1596 1820 ipsarum
1639 1769 1836 1823 heredes,
1870 1771 1972 1821 ipsis

114 1833 354 1873 mulieribus
394 1831 617 1887 defunctis,
659 1834 758 1873 nihil
799 1836 959 1875 omnino
999 1836 1040 1875 in
1080 1837 1225 1876 eadem
1264 1836 1500 1876 hereditate
1541 1838 1620 1876 sibi
1660 1839 1762 1876 iuris
1802 1839 1972 1878 ualeant

115 1912 335 1953 usurpare.
374 1901 432 1944 Ut
456 1902 587 1956 igitur
610 1902 690 1942 hec
715 1907 811 1943 acta
832 1905 1094 1955 imposterum
1122 1917 1146 1944 a
1172 1905 1400 1956 calumpnia
1423 1909 1465 1946 et
1489 1907 1780 1946 controuersia
1801 1908 1972 1948 ualeant

114 1970 331 2023 uindicari,
365 1982 416 2010 ea
449 1971 604 2024 sigillis
639 1972 793 2011 nostris
827 1976 869 2011 et
900 1973 1199 2012 honorabilium
1225 1974 1420 2027 uirorum,
1453 1974 1601 2014 domini
1625 1975 1744 2029 Cyri,
1771 1978 1972 2027 prepositi

116 2037 419 2091 olomucensis,
468 2043 510 2078 et
550 2040 743 2093 magistri
786 2040 1038 2094 XVernheri,
1088 2041 1275 2081 eiusdem
1317 2042 1502 2082 ecclesie
1549 2044 1755 2097 canonici,
1806 2044 1971 2084 abbatis

115 2105 291 2156 predicti
341 2110 382 2145 et
421 2110 651 2146 conuentus
692 2108 876 2148 ecclesie
911 2109 1202 2163 Gradicensis,
1246 2111 1429 2150 Boleslai
1462 2112 1637 2162 predicti
1671 2112 1723 2152 de
1756 2111 1970 2153 Sennicze

113 2172 285 2213 fecimus
318 2175 567 2228 communiri,
600 2179 641 2214 et
673 2176 855 2229 sigillum
887 2177 984 2216 dicti
1017 2178 1195 2218 Matthei
1229 2179 1496 2229 presentibus
1529 2184 1594 2220 est
1625 2191 1864 2232 appensum.

424 2289 723 2332 Apograplium
749 2292 779 2323 in
804 2292 1041 2325 Annalibus
1067 2292 1410 2327 Gradicensibus
1436 2294 1545 2329 MSS.

1573 2660 1642 2699 40
