2138 2845
1043 172 1240 234 170—-

154 324 315 372 pontem
347 320 387 357 in
420 318 605 357 terminis
638 316 912 369 supradictis,
946 316 987 355 in
1028 315 1177 368 quibus
1210 315 1411 369 denariis,
1438 315 1636 355 videlicet
1668 316 1930 368 episcopi‘et
1961 318 2015 358 ad

154 392 316 439 pontem
350 387 461 426 nulla
494 386 615 425 datur
648 386 837 425 libertas.
897 386 952 425 Et
984 385 1019 424 si
1052 383 1160 423 infra
1194 385 1298 424 istos
1331 384 1436 423 duos
1479 395 1613 423 annos
1652 384 1858 424 libertatis
1892 386 2016 440 regis

151 460 296 495 steura
337 455 556 509 generalis
597 455 844 508 occurrerit,
885 454 1015 505 ipsam
1056 454 1222 493 soluent
1261 464 1350 492 cum
1384 453 1491 492 aliis.
1557 453 1656 492 Item
1698 453 1861 493 duobus
1895 455 2018 494 annis

152 523 274 564 finitis
308 525 512 574 recipient
537 534 688 577 regem
721 526 763 562 et
791 523 989 576 reginam
1021 533 1111 561 cum
1139 521 1326 561 omnibus
1356 523 1444 561 suis
1473 521 1706 572 hospitibus
1732 523 1772 561 in
1800 522 2018 577 expensis,

152 592 484 644 quandocunque
524 593 622 646 regi
658 592 876 644 placuerit,
917 591 1009 629 sine
1043 602 1144 630 cura
1185 590 1335 630 domini
1376 591 1556 630 abbatis.
1620 590 1820 631 Similiter
1860 603 2019 631 omnem

152 663 415 701 exactionem
448 661 571 715 regis
599 660 767 712 dabunt,
801 659 1146 711 qualitercunque
1168 660 1417 713 nominetur,
1452 663 1573 710 prout
1598 660 1695 713 regi
1730 660 1881 713 placet,
1910 661 2020 700 sicut

151 731 285 769 ceteri
318 730 505 768 homines
538 739 614 779 per
646 732 770 767 totam
812 728 1034 767 abbatiam.
1098 728 1324 779 Recipient
1363 729 1484 768 etiam
1517 727 1720 767 dominum
1752 728 1945 768 abbatem
1977 728 2020 768 in

152 800 366 851 expensiS,
408 798 738 849 quotiescunque
778 808 963 836 necesse
1003 795 1139 836 suerit.
1203 797 1303 836 Item
1344 797 1545 850 volumus,
1578 800 1622 836 ut
1656 798 1832 837 nuncius
1874 801 2020 838 noster

153 880 233 907 una
268 879 357 905 cum
383 867 543 906 notario
577 869 723 905 nostro
751 877 921 905 censum
954 870 1138 905 nostrum
1163 865 1384 920 colligant,
1420 870 1462 905 et
1489 866 1598 917 quod
1631 866 1800 905 eosdem
1833 870 2019 917 tempore

151 936 368 975 solutionis
411 935 538 974 iudex
580 947 663 974 una
704 946 793 974 cum
835 935 1088 986 pauperibus
1132 935 1172 974 in
1216 935 1421 985 expensis
1462 938 1702 986 procurent.
1766 934 1834 974 Ad
1873 935 2020 974 siluam

150 1007 290 1056 itaque
337 1004 653 1055 exstirpandam
702 1003 846 1043 damus
886 1005 1039 1058 viginti
1080 1015 1214 1043 annos
1262 1003 1481 1056 libertatis,
1530 1007 1572 1043 et
1620 1003 1673 1042 ad
1714 1004 2019 1058 quinquaginta

151 1075 299 1113 laneos
338 1073 605 1112 concedimus
645 1073 774 1112 locari
817 1073 914 1112 ville
957 1073 1179 1112 cuiuslibet
1220 1073 1383 1111 laneum
1424 1062 1546 1111 unum
1586 1071 1774 1126 liberum,
1816 1076 1857 1112 et
1897 1074 2019 1112 etiam

153 1143 352 1182 decimum
385 1142 561 1194 laneum,
596 1141 810 1181 tabernam
840 1154 976 1194 unam,
1010 1142 1283 1181 molendinum
1313 1153 1448 1194 unum,
1482 1139 1642 1180 fabrum
1669 1153 1804 1194 unum,
1837 1144 2020 1180 sutorem

154 1224 290 1264 unum,
324 1211 500 1249 bancum
541 1211 660 1260 panis
695 1222 828 1263 unum,
868 1211 1079 1250 macellum
1114 1223 1249 1264 unum,
1290 1214 1332 1250 et
1365 1210 1418 1249 de
1458 1210 1610 1249 iudicio
1649 1220 1817 1261 semper
1855 1210 2020 1249 tertium

155 1280 381 1319 denarium.
425 1278 514 1320 Sed
548 1280 726 1318 maiores
750 1279 897 1330 culpas
930 1280 1051 1318 nohis
1078 1290 1360 1331 reseruamus,
1394 1278 1520 1318 cedet
1541 1283 1678 1317 tamen
1712 1279 1838 1318 iudici
1870 1279 2021 1318 tertius

155 1348 356 1388 denarius
396 1347 449 1387 de
496 1347 667 1387 eisdem.
733 1346 893 1396 Quibus
940 1349 1095 1402 uiginti
1143 1349 1264 1387 annis
1312 1346 1435 1388 finitis
1478 1347 1621 1386 soluet'
1661 1347 1833 1399 quilibet
1871 1347 2020 1387 laneus

158 1418 307 1457 dictam
348 1428 525 1456 marcam
571 1428 643 1468 pro
685 1427 831 1470 censu,
864 1420 907 1456 et
940 1417 1150 1468 scapulam
1191 1421 1233 1456 et
1264 1428 1419 1456 caseos
1460 1420 1503 1455 et
1543 1416 1678 1467 pullos
1719 1419 1761 1455 et
1794 1415 2020 1455 decimales

157 1486 344 1537 episcopi
379 1489 421 1525 et
453 1485 665 1524 denarium
698 1484 751 1524 ad
786 1489 962 1538 pontem,
996 1478 1039 1526 et
1070 1486 1204 1525 omnia
1238 1486 1328 1525 iura
1363 1486 1446 1524 alia
1480 1488 1522 1524 et
1554 1485 1728 1524 seruitia
1761 1485 1803 1524 in
1834 1485 2020 1524 terminis

155 1556 388 1607 consuetis,
422 1557 464 1593 et
496 1565 652 1593 omnem
686 1554 950 1593 exactionem
976 1555 1112 1608 regis,
1145 1556 1254 1594 sicut
1287 1555 1342 1593 illi
1378 1554 1431 1594 de
1455 1553 1567 1593 Alba
1601 1553 1799 1593 ecclesia.
1849 1553 1951 1592 Item
1984 1553 2021 1592 si

157 1635 301 1663 aurum
333 1623 401 1662 uel
426 1626 648 1676 argentum
682 1633 759 1661 seu
782 1622 945 1673 aliquod
973 1623 1071 1662 utile
1095 1623 1298 1663 metallum
1328 1624 1368 1662 in
1393 1623 1514 1662 bonis
1540 1623 1791 1675 inueniatur,
1819 1622 2020 1675 volumus,

156 1696 202 1732 vt
236 1703 332 1743 pars
359 1691 500 1731 debita
532 1691 668 1744 nobis,
694 1695 814 1742 prout
847 1691 984 1745 decet,
1008 1692 1262 1743 temporibus
1286 1692 1437 1731 debitis
1461 1692 1722 1745 assignetur.
1773 1690 2021 1731 Ordinamus

154 1762 292 1815 etiam,
334 1765 378 1800 ut
410 1762 541 1814 ciues,
575 1760 830 1811 sepedictam
874 1762 1082 1800 ciuitatem
1117 1761 1415 1815 inhabitantes,
1457 1771 1514 1800 ex
1547 1761 1654 1799 omni
1689 1763 1808 1812 parte
1841 1760 2021 1799 ciuitatis

155 1832 206 1871 ad
233 1843 353 1869 unum
380 1830 552 1869 milliare
586 1830 625 1869 in
651 1831 787 1883 agriS,
822 1830 861 1869 in
885 1830 1016 1883 siluis,
1044 1832 1083 1869 in
1109 1832 1280 1881 pascuis
1314 1834 1356 1870 et
1381 1831 1422 1870 in
1455 1829 1644 1869 omnibus
1667 1829 1759 1868 aliis
1785 1829 2022 1884 commodis,

158 1900 198 1938 in
231 1904 424 1950 quantum
465 1899 651 1938 ecclesie
685 1903 830 1938 nostre
871 1897 1021 1939 sufficit
1054 1901 1305 1954 proprietas,
1346 1899 1519 1938 liberam
1552 1898 1738 1938 habeant
1768 1896 2021 1938 facultatem.

155 1968 211 2007 Et
243 1970 379 2021 etiam,
414 1979 466 2007 ne
492 1968 632 2020 aliqua
664 1967 842 2007 taberna
884 1966 990 2007 infra
1017 1969 1094 2008 iam
1128 1969 1278 2008 dictum
1309 1968 1482 2007 milliare
1515 1968 1554 2006 in
1589 1966 1858 2018 preiudicium
1890 1978 2021 2018 sepe-

157 2037 267 2076 dicte
315 2038 496 2076 ciuitatis
543 2040 583 2076 et
623 2048 873 2091 grauamen,
914 2036 1075 2077 locetur
1120 2037 1187 2076 uel
1233 2040 1515 2090 construatur,
1565 2035 1770 2075 duntaxat
1818 2036 1859 2074 in
1901 2035 2020 2075 bonis

158 2107 314 2144 nostris
348 2106 594 2159 inhibemus,
629 2107 706 2145 nisi
741 2106 794 2145 de
827 2106 995 2145 licentia
1029 2106 1176 2145 ciuium
1211 2103 1478 2157 prefatorum.
1526 2104 1764 2144 lnhibemus
1798 2105 1933 2157 etiam,
1967 2114 2021 2144 ne

157 2175 306 2225 aliquis
341 2175 529 2227 iudicum,
563 2176 654 2215 siue
680 2176 862 2215 ciuitatis
896 2176 1096 2229 eiusdem,
1121 2177 1213 2215 siue
1246 2175 1421 2215 alicuius
1449 2184 1558 2214 noue
1591 2174 1872 2226 plantationis,
1905 2173 2022 2212 circa

157 2255 273 2281 suum
308 2243 496 2281 iudicium
530 2245 717 2283 uendere
750 2256 825 2284 seu
860 2248 1112 2284 commutare
1145 2245 1268 2284 alicui
1303 2247 1528 2296 presumat,
1562 2243 1645 2282 nisi
1678 2247 1860 2282 nostrum
1893 2251 2022 2292 super

160 2311 239 2350 hoc
274 2322 492 2350 assensum
525 2313 638 2362 prius
673 2315 860 2364 requirat
893 2317 935 2353 et
961 2312 1159 2364 sanorem,
1194 2317 1236 2352 et
1267 2316 1365 2352 tunc
1398 2313 1574 2352 maxime
1600 2312 1652 2351 de
1684 2311 1755 2350 tali
1789 2309 2019 2362 prouideat,

162 2381 229 2431 qui
259 2381 379 2419 nohis
407 2384 447 2419 et
473 2378 671 2419 tratribus
697 2383 851 2420 nostris
884 2386 925 2421 et
950 2383 1071 2422 etiam
1103 2382 1287 2421 ecclesie
1316 2388 1457 2420 nostre
1483 2381 1592 2420 utilis
1618 2391 1669 2419 ac
1692 2378 1823 2418 fidelis
1847 2378 2019 2416 existat.

159 2449 261 2488 Item
305 2450 340 2487 si
375 2447 480 2487 infra
522 2447 707 2499 prefatos
741 2462 873 2488 annos
914 2451 1119 2489 libertatis
1153 2452 1341 2501 hospites
1382 2451 1505 2504 regis
1547 2450 1638 2488 siue
1676 2448 1794 2486 amici
1835 2446 2019 2485 eiusdem

160 2530 234 2569 pro
281 2515 528 2556 defensione
570 2521 684 2556 terre
727 2518 792 2555 uel
835 2519 1179 2570 qualitercunque
1220 2531 1296 2570 per
1328 2520 1477 2558 Albam
1511 2516 1734 2557 ecclesiam
1774 2514 1825 2554 ad
1869 2526 2018 2569 regem

158 2592 429 2626 transeuntes
460 2598 670 2638 pauperes
697 2587 845 2626 ibidem
870 2588 1107 2627 residentes
1135 2589 1173 2627 in
1199 2588 1336 2639 aliquo
1362 2587 1548 2639 leserint,
1578 2588 1801 2636 propterea
1826 2586 2018 2624 maiore-m
