2138 2845
990 157 1060 199 38

92 301 341 352 Vbicumque
383 300 435 340 de
468 303 613 340 cetero
655 300 694 339 in
736 300 858 339 bonis
897 300 1061 340 Alberti
1101 303 1143 339 et
1181 297 1352 339 fratrum
1395 311 1574 340 suorum.
1614 302 1816 342 metallum
1849 300 1950 342 ferri

92 373 236 420 posset
270 370 461 408 inveniri.
495 368 547 407 ad
583 370 762 420 ipsorum
796 369 1030 408 molendina
1063 369 1249 408 homines
1283 369 1522 407 monasterii
1549 371 1755 409 nominati.
1789 372 1840 409 ad
1874 384 1952 410 sua

90 438 324 477 molendina
359 438 438 477 duo
472 437 674 488 predicta.
708 438 911 476 metallum
943 435 1044 476 serri
1071 437 1232 489 absque
1258 437 1394 488 aliqua
1422 437 1761 476 contradiccione
1787 440 1950 479 Alberti

90 510 132 545 et
163 503 336 545 fratrum
369 518 548 545 suorum.
592 510 633 545 et
675 506 876 544 hominum
918 507 1100 556 ipsorum
1141 506 1375 557 accipiendi
1409 505 1593 545 habeant
1626 506 1797 545 liberam
1831 511 1952 557 pote-

89 577 251 613 statem.
292 575 428 614 Huius
462 576 719 614 sentenciam
754 574 927 613 arbitrii.
968 585 1077 624 pena
1111 580 1274 613 centum
1308 578 1349 614 et
1382 574 1690 628 quinquaginta
1722 586 1952 614 marcarum

89 644 262 697 argenti
295 644 516 683 vallantes.
558 655 727 694 quarum
768 646 929 682 centum
964 653 1131 681 camere
1171 647 1315 682 nostre
1358 643 1523 682 cedent.
1565 647 1607 683 et
1646 644 1952 697 quinquaginta

89 711 260 750 arbitris
301 712 544 762 prenotatis.
599 712 808 750 Destinati
856 714 952 749 sunt
998 721 1054 749 ex
1097 714 1215 760 parte
1259 713 1380 750 etiam
1423 712 1699 763 predictorum
1740 713 1952 751 arbitrum.

88 780 339 830 sollempnes
372 780 520 818 milites
553 790 643 817 cum
677 776 971 817 beneficiariis.
1004 778 1203 818 videlicet
1236 779 1422 819 dominus
1448 781 1594 831 Lupus
1626 781 1678 820 de
1706 781 1951 820 Dobroticz.

91 848 290 887 Andreas
317 859 449 886 cauca
475 847 526 886 de
551 846 741 886 Luchan.
773 846 984 885 Mai-tiezo
1010 846 1062 885 de
1089 846 1234 885 Pruss.
1267 847 1457 887 U'alclio
1480 849 1532 887 de
1556 849 1764 890 Sti-elecz.
1799 848 1954 890 Came-

87 916 186 955 rarii
215 927 318 955 vero
340 916 517 955 Swaton
551 919 592 954 et
617 915 778 954 Hostec
812 919 854 954 et
886 914 1029 965 Ospel.
1064 914 1261 955 Ossadni.
1295 916 1348 954 ad
1382 918 1646 957 reuocandas
1679 923 1720 958 et
1752 918 1952 957 determi-

86 984 246 1023 nandas
287 987 416 1023 metas
458 983 671 1034 predictas
711 983 940 1022 secundum
981 985 1043 1023 ius
1083 987 1211 1023 terre.
1264 984 1354 1023 Nos
1395 996 1499 1024 vero
1543 986 1692 1025 dictum
1725 987 1950 1026 arbitrium.

85 1056 130 1091 ut
161 1053 304 1091 maiori
337 1053 559 1091 roboretur
591 1050 797 1091 fulcimine
832 1050 1044 1091 firmitatis.
1088 1054 1306 1103 presertim
1349 1064 1440 1092 cum
1483 1054 1612 1104 ipsum
1653 1054 1706 1093 de
1739 1066 1951 1095 consensu

86 1122 261 1171 partium
308 1125 350 1160 et
397 1122 578 1160 virorum
625 1121 898 1159 discretorum
941 1123 1201 1171 processerit
1239 1122 1413 1161 consilio
1456 1123 1663 1161 mediante
1702 1124 1952 1163 auctoritate

84 1190 214 1242 regia
253 1187 551 1228 confirmamus
591 1190 661 1228 tali
702 1189 953 1228 conditione.
994 1189 1102 1240 quod
1143 1191 1178 1228 si
1218 1201 1405 1241 umquam
1446 1191 1648 1230 Albertus
1689 1191 1755 1230 uel
1796 1190 1952 1231 fratres

85 1258 162 1296 sui.
204 1268 282 1296 seu
324 1269 602 1296 successores
638 1259 830 1308 ipsorum.
871 1258 1099 1308 predictum
1142 1258 1368 1297 arbitrium.
1412 1260 1526 1297 immo
1571 1263 1750 1299 nostram
1785 1261 1950 1313 regiam

87 1324 449 1364 confirmationem.
483 1324 722 1379 infringere
750 1327 1096 1376 attemptauerint.
1129 1327 1220 1377 ipso
1255 1325 1364 1366 facto
1399 1326 1631 1367 offensores
1666 1329 1791 1381 regie
1818 1330 1950 1368 maie-

85 1395 206 1433 statis
234 1399 502 1433 censeantur.
539 1398 580 1433 et
613 1394 839 1445 predictam
869 1405 1016 1446 penam
1042 1395 1209 1434 scilicet·
1232 1395 1407 1435 Centum
1434 1400 1476 1435 et
1504 1396 1550 1435 L.
1577 1397 1752 1435 Marcas
1777 1398 1949 1450 argenti

85 1462 264 1501 solvant.
300 1466 341 1501 et
373 1475 397 1501 a
431 1475 506 1502 suo
540 1463 721 1502 totaliter
753 1463 907 1502 cadant
940 1464 1043 1502 iure.
1090 1464 1133 1502 [n
1168 1464 1287 1502 liuius
1322 1466 1381 1503 rei
1407 1466 1678 1504 testimonium
1713 1472 1950 1516 presentem

86 1532 286 1585 paginam
320 1532 449 1571 scribi
483 1530 653 1571 fecimus
687 1533 939 1572 monasterio
973 1533 1179 1572 nominato
1213 1533 1445 1586 sigillorum
1474 1539 1707 1573 nostrorum
1733 1535 1951 1574 munimine

85 1600 350 1638 roborantes.
406 1601 541 1639 Huius
582 1601 643 1639 rei
684 1603 818 1639 testes
860 1604 968 1640 sunt.
1012 1601 1270 1640 Hartlilebus
1307 1602 1591 1640 nui-elwauius
1635 1602 1687 1641 de
1721 1602 1950 1654 Wewerij.

85 1667 205 1709 Cuno
254 1668 536 1709 Camerarius.
594 1670 810 1708 Nezamizl
852 1669 1154 1709 Burclirauius.
1213 1671 1422 1709 lohannes
1470 1671 1597 1709 iudex
1645 1671 1949 1711 Olomucensis.

87 1737 290 1776 Zdizlaus
317 1738 480 1777 uillicus
511 1740 739 1788 prouincie.
773 1739 970 1778 W'sebor
993 1739 1095 1777 lilius
1122 1739 1296 1793 Egydii.
1323 1741 1577 1778 camerarius
1605 1739 1948 1780 XVietowiensis.

82 1806 296 1845 Hrabisse
337 1805 469 1846 frater
508 1819 609 1846 suus
651 1807 703 1846 de
739 1807 910 1846 Vssow.
961 1808 1215 1847 U'ilhelmus
1256 1808 1308 1847 de
1350 1819 1559 1847 nameszc.
1608 1809 1776 1858 Koyata
1817 1806 1950 1847 frater

82 1886 197 1913 suus.
232 1875 408 1915 XVocko
442 1874 546 1914 lilius
584 1876 777 1915 Dirsizlai
812 1876 864 1914 de
898 1877 1095 1914 Krawar.
1131 1877 1305 1915 Beneda
1339 1877 1391 1915 de
1426 1877 1655 1915 Dubiszco.
1689 1876 1948 1916 XVillielmus

88 1942 192 1982 filius
225 1956 340 1983 suus.
380 1945 625 1984 Radozlaus
660 1945 711 1983 de
744 1944 1015 1983 Radzlauicz.
1049 1944 1240 1983 &Vnzata
1276 1943 1438 1995 dapifer
1474 1946 1625 1999 Regis.
1666 1946 1861 1984 Bolmsse
1895 1945 1948 1984 de

88 2012 300 2050 lli-abolus
322 2014 565 2052 Marsalcus
583 2014 724 2067 Regis
747 2012 850 2052 filius
870 2012 1079 2054 Cin-honis.
1098 2014 1244 2064 vaus
1264 2013 1315 2052 de
1337 2015 1577 2053 nobi-otior..
1595 2014 1794 2053 Andreas
1814 2024 1948 2053 cauca

89 2080 141 2118 de
175 2080 364 2119 Luclian.
406 2082 616 2121 Martiezc
651 2083 702 2121 de
736 2083 883 2121 Pruss.
917 2083 1140 2121 Budislaus
1176 2083 1399 2133 prauonicz
1433 2083 1485 2121 de
1518 2083 1670 2133 vyezd.
1705 2082 1950 2122 XVlastibor

87 2148 140 2186 de
175 2148 362 2188 usasan.
397 2154 439 2188 et
472 2151 540 2188 alii
573 2162 693 2201 quam
727 2151 882 2201 plures.
930 2151 1079 2190 Datum
1113 2151 1275 2203 Prage.
1315 2152 1438 2190 Anno
1473 2151 1620 2190 domini
1655 2150 1948 2192 MCCLxlx.

88 2227 163 2267 per
188 2229 330 2256 manus
360 2219 551 2271 magistri
582 2219 693 2257 Petri
721 2221 920 2269 prepositi
944 2220 1343 2273 W'issegradensis.
1363 2219 1615 2261 Cancellarii
1634 2220 1780 2274 Regni
1808 2220 1948 2259 nostri.

397 2316 448 2347 Ex
480 2317 676 2355 originali
711 2316 893 2356 ejusdem
927 2320 1124 2359 monasterii,
1155 2318 1248 2359 cujus
1279 2320 1416 2359 sigillum
1443 2320 1588 2350 avulsum
1616 2322 1675 2351 est.
1708 2338 1749 2342 —
1781 2319 1947 2350 Excusum

499 2376 539 2397 rx
565 2369 644 2398 inc-is
669 2368 826 2398 analectis
859 2370 906 2399 in:
940 2369 1044 2400 Grai*
1078 2371 1234 2411 Kaspar
1265 2370 1527 2411 Sternberg's
1554 2390 1595 2394 —
1625 2371 1808 2404 Uinrissc
1833 2372 1946 2400 einer

500 2419 756 2449 (Ji-seniculo
786 2419 857 2450 ‹lrr
887 2421 1144 2452 bolimisclwn
1183 2424 1285 2463 Berg
1298 2424 1444 2454 werke.
1478 2424 1501 2454 Ι.
1529 2424 1566 2455 Β.
1601 2424 1643 2455 ll.
1667 2421 1879 2461 Abtlieilung.
1904 2438 1946 2443 —-

502 2469 830 2501 ἱῖΓΚιιιιιΙιἿιΙΗινΙι
857 2481 884 2501 ιι.
916 2471 970 2501 17.
997 2482 1071 2513 pag.
1096 2473 1158 2503 25.
