2138 2845
1049 161 1154 203 282

168 316 297 367 gesta
339 309 481 360 scripti
515 306 749 347 testimonio
789 303 1035 344 confirmari.
1100 305 1259 344 Vestre
1292 303 1424 358 igitur
1456 305 1717 346 vniuersitati
1749 311 1886 347 notum
1925 319 2025 347 esse

168 381 371 431 volumus,
406 377 513 430 quod
554 388 631 416 nos
664 375 801 415 villam
841 378 1023 413 nostram
1057 373 1207 413 dictam
1245 372 1481 424 Bakowan,
1523 385 1612 412 cum
1645 376 1843 430 ecclesia,
1876 377 2024 431 syluis,

168 460 219 489 ac
253 449 345 487 aliis
379 448 468 486 suis
501 445 728 485 attinentiis
762 444 946 483 ecclesie
978 442 1025 483 S.
1059 443 1200 482 Marie
1232 442 1417 496 virginis
1450 443 1491 481 in
1524 441 1815 495 Zabrdouicz,
1848 449 1890 485 et
1921 456 2028 485 con-

166 518 309 557 uentui
343 515 506 565 ibidem,
548 515 637 553 iure
672 513 953 563 proprietatiS,
995 511 1133 551 diuina
1166 511 1287 551 nobis
1329 512 1470 565 gratia
1504 511 1751 565 Inspirante,
1784 514 2027 553 contulimus

168 590 263 637 post
302 589 471 624 mortem
511 587 692 622 nostram
740 581 873 620 libere
915 579 1222 631 possidendam.
1284 580 1351 620 Ne
1398 584 1534 620 autem
1581 580 1748 632 aliquod
1797 592 1926 632 super
1975 592 2027 621 eo

169 654 333 694 dubium
373 654 530 692 oriatur
572 652 611 689 in
646 654 869 702 posterum,
904 653 1139 699 presentem
1178 648 1338 688 literam
1370 650 1472 700 ipsis
1506 648 1693 688 dedimus
1727 650 1858 703 sigilli
1892 651 2024 689 nostri

168 723 386 763 munimine
420 721 667 759 roboratam.
732 719 866 757 Huius
899 718 1077 756 actionis
1110 721 1243 757 testes
1277 721 1372 756 sunt
1404 718 1590 758 dominus
1624 718 1770 757 Bohuz
1804 717 1939 757 dictus
1972 718 2026 758 de

170 791 428 843 Borsswicz,
477 787 746 829 usecemilus
785 787 982 826 zudarius
1024 787 1271 839 Brunensis,
1318 786 1586 826 Prostimirus
1628 787 1735 825 ciuis
1779 787 2028 841 Brunensis,

170 861 356 900 dominus
406 857 647 909 Leopoldus
689 857 893 907 plebanus
942 856 982 895 in
1023 855 1155 909 Leig,
1205 855 1392 894 dominus
1436 856 1664 894 Heinricus
1719 855 1926 906 plebanus
1976 855 2029 894 de

169 929 370 980 Kobariz,
400 928 605 981 magister
629 926 857 964 Heinricus
885 925 1086 975 plebanus
1114 925 1155 962 in
1181 923 1329 977 TeleZ,
1354 921 1487 963 frater
1514 924 1788 963 'Plleobaldus
1811 923 2030 977 sacerdos,

169 996 302 1037 frater
344 995 665 1036 Godescbalcus
708 994 922 1047 diaconus,
962 992 1095 1032 frater
1128 992 1332 1046 'ri-ebata,
1366 994 1556 1032 canonici
1598 993 1638 1032 in
1671 992 1955 1045 Zabrdouicz,
1989 996 2031 1031 et

170 1066 239 1106 alii
291 1076 410 1117 qnam
459 1065 630 1116 plurimi.
701 1063 853 1103 Datum
900 1063 940 1102 in
989 1063 1132 1102 Bruna
1181 1072 1290 1101 anno
1338 1061 1487 1101 domini
1535 1060 1595 1101 Μ.
1644 1059 1734 1102 CC.
1784 1060 2032 1101 LXXXIII.

171 1133 375 1176 Calendis
410 1133 673 1173 Decembris.

483 1233 537 1266 Ex
566 1231 803 1264 Annalibus
827 1230 1274 1263 zabrdowicensibus
1299 1228 1407 1262 MSS.
1431 1231 1462 1261 in
1486 1230 1703 1272 registratura
1726 1239 1756 1261 c.
1779 1239 1805 1261 r.
1830 1226 2034 1260 Gubernii

590 1283 816 1314 Moravici.

173 1500 448 1539 Hermamms
488 1501 526 1536 et
565 1484 720 1547 cunels,
760 1496 921 1548 fratre-s·
962 1495 1014 1534 de
1052 1495 1320 1545 sztntslaw,
1361 1495 1612 1533 com-eniam
1649 1505 1743 1532 cum
1781 1493 2035 1532 monasterio

324 1567 516 1607 zareas-i
548 1566 664 1604 circa
699 1568 828 1604 melas·
861 1567 899 1603 et
929 1565 1079 1603 limites
1112 1567 1420 1602 controversas.
1484 1564 1558 1602 Dc.
1591 1563 1702 1613 Ζαν,
1743 1561 1894 1602 1283.

328 1658 537 1720 Subortri
581 1677 692 1715 solet
733 1676 784 1715 de
825 1675 967 1729 gestis
1007 1674 1210 1714 hominum
1249 1674 1371 1715 multa
1414 1673 1669 1726 calumpnia,
1718 1673 1797 1712 nisi
1838 1672 2036 1712 bonorum

173 1748 353 1788 uirorum
397 1747 523 1786 robur
556 1746 818 1798 adhibeatur,
862 1748 932 1784 aut
972 1745 1194 1794 scriptura.
1259 1741 1525 1793 Quapropter
1568 1753 1644 1781 nos
1684 1742 1958 1781 Hermannus
1992 1745 2035 1780 et

175 1815 375 1858 Schenlw
404 1817 579 1869 fratres,
614 1815 712 1853 dicti
746 1813 796 1852 tle
831 1812 1137 1862 Pr-z-emislabe,
1171 1813 1282 1851 scire
1316 1810 1487 1850 facimus
1522 1811 1747 1850 vniuersos
1782 1809 2036 1861 presentium

176 1886 456 1937 inspecturos,
492 1883 599 1935 quod
640 1883 692 1922 de
725 1883 835 1921 bona
876 1882 1087 1921 uoluntate
1122 1885 1163 1920 et
1196 1892 1409 1920 consensu
1449 1881 1598 1930 optimo
1639 1882 1681 1917 et
1720 1877 1880 1931 fauore,
1922 1882 1963 1917 et
1994 1879 2036 1917 in

177 1954 400 1993 remedium
441 1954 663 1992 animarum
697 1956 930 1990 nostrarum
972 1954 1013 1990 et
1046 1953 1275 2001 parentum,
1316 1949 1368 1987 ab
1402 1949 1505 1987 omni
1548 1948 1800 1998 impetitione
1841 1957 1917 1985 seu
1950 1946 2036 1999 lite,

180 2033 299 2072 quam
339 2022 390 2060 ad
432 2025 560 2060 metas
601 2033 677 2059 seu
719 2021 915 2058 terminos
956 2019 1196 2058 monasterii
1235 2022 1383 2056 sancte
1418 2017 1557 2056 Marie
1600 2017 1639 2054 in
1682 2015 1772 2055 Sar
1806 2015 2036 2067 habuimus,

180 2092 382 2128 cessimus
422 2091 655 2129 uoluntario
697 2090 767 2128 tali
810 2092 953 2138 pacto:
998 2086 1106 2138 quod
1150 2086 1296 2125 eadem
1331 2086 1514 2124 ecclesia
1561 2096 1636 2136 per
1668 2096 1744 2123 nos
1787 2088 1827 2123 et
1867 2088 2036 2122 nostros

181 2169 459 2197 successores
493 2170 542 2197 ac
570 2157 752 2196 heredes
786 2158 825 2195 in
852 2157 954 2206 ipsis
989 2157 1107 2194 metis
1140 2156 1232 2194 siue
1266 2155 1451 2193 terminis
1477 2153 1612 2204 impeti
1649 2164 1852 2203 nunquam
1886 2151 2041 2191 debeat

181 2227 249 2266 uel
293 2226 504 2279 infestari,
553 2227 812 2279 adiicientes,
854 2225 1089 2275 ubicunque
1130 2224 1274 2263 mortui
1324 2221 1535 2275 fuerimus,
1576 2222 1643 2261 uel
1691 2222 1794 2271 ipsis
1837 2218 2034 2258 fratribus

183 2295 367 2334 eiusdem
411 2296 647 2333 monasterii
690 2300 833 2333 noster
880 2294 1016 2333 obitus
1057 2292 1178 2332 suerit
1221 2292 1500 2344 denuntiatus,
1543 2292 1657 2330 iuxta
1697 2288 2038 2328 consuetudinem

184 2363 352 2403 fratrum
388 2365 425 2401 in
461 2364 550 2413 ipsa
586 2364 768 2401 ecclesia
804 2363 998 2415 eligimus
1032 2362 1217 2413 sepeliri.
1279 2362 1424 2400 Datum
1459 2366 1500 2399 et
1534 2364 1666 2398 actum
1700 2359 1739 2397 in
1771 2357 1896 2408 Saar,
1930 2366 2039 2394 atino

185 2433 333 2473 domini
368 2432 576 2471 millesimo
603 2432 884 2470 ducentesimo
920 2433 1209 2485 octuagesimo
1238 2431 1390 2483 tercioj.
1426 2429 1693 2480 presentibus
1719 2426 1819 2465 uiris
1853 2423 2038 2474 prouidis

185 2506 227 2542 et
260 2501 470 2546 discretis,
513 2501 654 2538 amicis
689 2502 842 2537 nostris
884 2501 1135 2539 karissimis:
1181 2500 1365 2539 dominus
1410 2499 1672 2537 llermannus
1706 2494 1758 2531 (le
1791 2491 2037 2531 Louchten-

186 2570 332 2610 burch.
377 2570 562 2609 dominus
601 2568 819 2608 Gerardus
869 2569 919 2608 de
962 2570 1112 2608 open-s.
1178 2567 1327 2608 Cluuno
1375 2568 1427 2606 de
1468 2566 1741 2604 Uliunenstat.
1783 2566 1824 2601 et
1866 2559 1930 2602 lilii
1973 2562 2038 2604 sui
