2138 2845
999 180 1100 220 100

108 335 148 361 η.
160 321 502 372 CCLXXXII.)
520 321 668 361 Datum
680 321 876 362 Olomucii
896 322 936 361 in
955 320 1062 362 festo
1080 322 1119 361 b.
1131 320 1356 362 Michaelis
1373 333 1482 361 anno
1499 321 1645 362 domini
1658 322 1972 366 MCCLXXII.

108 392 182 430 111.
216 390 436 430 Kalendas
471 390 679 430 Octobris.
735 391 824 430 Nos
858 392 979 430 etiam
1012 389 1247 442 Heydolsus
1281 390 1467 430 decanus
1499 391 1701 431 Albertus
1734 395 1972 444 prepositus

109 458 433 498 archidiaconus
466 459 729 498 Brunnensis
762 462 970 510 totumque
1003 460 1222 510 capitulum
1256 459 1455 498 videlicet
1476 457 1617 510 Cyrus
1651 461 1973 501 archidiaconus

110 527 398 567 olomucensis
430 528 612 566 Alexius
647 529 883 578 prepositus
917 528 969 567 de
999 527 1435 568 Wolwramskirchen
1468 528 1791 568 archidiaconus
1825 530 1975 580 Znoy-

109 597 264 636 mensis
297 596 546 647 Lampertus
588 600 730 634 custos
771 596 1092 636 archidiaconus
1135 597 1466 647 prezzlauiensis
1509 595 1763 638 Chuni-adus
1804 597 1975 637 schola-

109 665 240 704 sticus
287 664 608 703 Bartholomeus
649 664 891 713 Woyzlaus
937 663 1149 703 Iohannes
1200 665 1252 704 de
1301 664 1542 704 Homburch
1589 666 1883 706 Theodericus
1922 664 1975 705 de

108 733 175 772 W
180 733 344 772 linstein
371 732 553 771 Thomas
580 732 776 770 Petratus
801 732 1006 785 magister
1031 733 1323 772 Theodericus
1357 735 1544 772 notarius
1574 734 1752 788 yglauie
1783 733 1976 774 canonici

109 800 410 841 Olomucenses
443 800 634 853 graciam
663 800 954 839 concessionis
980 803 1022 839 et
1046 799 1375 840 confirmacionis
1402 813 1478 852 per
1506 803 1791 842 venerabilem
1816 807 1976 853 patrem

109 873 150 908 et
183 869 381 908 dominum
415 872 599 906 nostrum
633 868 872 918 episcopum
906 868 1156 908 antedictum
1183 869 1424 920 supradicto
1451 872 1704 910 monasterio
1733 872 1800 922 pie
1826 869 1975 910 factam

107 941 274 992 gratam
309 941 351 976 et
383 939 513 975 ratam
547 936 756 976 habentes
782 937 997 988 ipsamque
1023 935 1272 976 firmamento
1300 937 1430 991 sigilli
1456 939 1622 989 capituli
1648 940 1779 979 nostri
1803 938 1976 994 dignum

109 1006 302 1045 duximus
336 1004 627 1045 roborandam.
692 1005 841 1045 Datum
874 1006 966 1045 loco
1001 1009 1043 1046 et
1075 1007 1248 1046 termino
1283 1007 1528 1058 prenotatis.

420 1104 475 1136 Ex
499 1104 700 1146 originali
726 1103 910 1146 ejusdem
933 1107 1121 1137 monasterii
1144 1115 1215 1139 cum
1238 1106 1355 1149 sigillis
1381 1105 1516 1139 illaesis.

945 1272 1148 1313 LXVIII.

112 1373 340 1425 otakarus,
372 1386 457 1413 rea:
488 1375 693 1413 Boiimiae
725 1377 764 1413 el
792 1374 984 1414 marchio
1016 1376 1254 1426 Mai-ariae,
1288 1376 1445 1415 civitati
1471 1374 1849 1415 Hunc-Brodensi
1869 1376 1980 1428 Jura

110 1443 288 1482 civitatis
320 1442 621 1482 Hlubeicensae's
661 1446 700 1481 et
723 1444 804 1495 ιῘῑιδ·
843 1442 1115 1494 depositionis
1154 1445 1357 1483 mercium
1399 1443 1603 1483 concedit.
1666 1444 1825 1483 Datum
1864 1443 1982 1497 apud

509 1512 719 1562 Bramme,
753 1511 781 1553 1
788 1511 833 1551 V.
868 1511 1094 1551 Kalendas
1127 1511 1391 1563 Novembris,
1431 1511 1584 1553 1272.

284 1602 344 1663 In
377 1622 541 1661 nomine
573 1625 721 1661 sancte
752 1624 794 1661 et
819 1621 1031 1661 indiuidue
1061 1622 1257 1662 trinitatis
1282 1633 1417 1662 amen.
1458 1621 1715 1677 Othakarus7
1748 1623 1814 1663 dei
1837 1624 1983 1679 gratia

110 1690 282 1730 Boemie
323 1690 436 1743 Rex,
485 1689 571 1729 dux
611 1691 801 1743 Austrie,
843 1690 987 1744 Stirie‚
1026 1690 1264 1745 Karinthie,
1304 1691 1501 1731 Marchio
1540 1691 1750 1746 Morauie,
1792 1692 1980 1732 dominus

109 1757 322 1812 Carniole,
356 1759 565 1811 Marchie7
599 1759 723 1813 Egre
756 1770 806 1799 ac
832 1759 986 1799 Portus
1012 1760 1201 1811 Naonys.
1236 1759 1438 1800 Omnibus
1471 1761 1513 1799 in
1547 1763 1802 1811 perpetuum.
1827 1760 1887 1801 Vt
1913 1772 1979 1816 ea,

110 1838 190 1878 que
225 1828 528 1867 rationabiliter
553 1838 609 1867 ex
633 1838 747 1867 mere
771 1828 1034 1868 liberalitatis
1059 1827 1336 1868 munificentia
1358 1828 1505 1883 Regie
1538 1830 1769 1868 maiestatis
1801 1829 1980 1871 subditis

111 1898 380 1935 necessitatis
406 1899 447 1936 et
470 1896 651 1936 utilitatis
684 1897 855 1936 obtentu
886 1898 1120 1950 gratiosius
1152 1897 1453 1951 concedantur,
1477 1897 1697 1936 Obliuionis
1719 1897 1979 1939 labirinthum

109 1976 190 2004 non
226 1965 421 2019 incidant,
455 1965 685 2016 calumpnie
718 1977 856 2006 morsu
897 1969 939 2005 et
979 1966 1180 2019 rubigine
1221 1967 1443 2005 uetustatis
1478 1977 1698 2019 oppressa,
1732 1967 1981 2018 scriptorum

111 2035 410 2073 autenticorum
443 2034 742 2074 sustentaculis
775 2032 1011 2089 fulciuntur,
1056 2035 1106 2073 ad
1152 2038 1283 2088 geste
1317 2035 1378 2073 rei
1411 2035 1642 2073 memoriam
1675 2036 1980 2085 sempiternam.

112 2101 339 2140 Vniuersis
374 2103 505 2155 igitur
538 2106 579 2142 et
612 2103 795 2157 singulis
830 2107 974 2143 nostre
1017 2115 1067 2142 ac
1101 2102 1237 2143 future
1270 2104 1393 2143 etatis
1426 2103 1659 2143 hominibus
1698 2103 1856 2155 liqueat
1887 2104 1981 2144 eui-

113 2169 276 2222 denter,
317 2170 422 2220 quod
459 2170 698 2210 deuotorum
739 2173 888 2211 ciuium
922 2176 1154 2212 nostrorum
1188 2172 1241 2211 de
1274 2171 1424 2211 Broda
1459 2170 1663 2223 profectui
1697 2175 1739 2211 et
1771 2171 1981 2212 commodo

111 2236 364 2292 flagrantius
400 2238 678 2293 intendentes,
712 2241 813 2290 ipsis
846 2239 1148 2295 fauorabiliter,
1190 2244 1235 2282 vt
1274 2252 1325 2281 eo
1365 2241 1470 2292 iure,
1512 2240 1621 2293 quod
1663 2240 1792 2281 habet
1832 2241 1981 2281 ciuitas

111 2310 255 2348 nostra
290 2305 526 2355 [machia-z,
561 2308 755 2360 gaudere
787 2309 969 2364 ualeant⁷
1006 2322 1114 2350 nunc
1148 2313 1190 2349 et
1222 2309 1263 2349 in
1296 2320 1415 2350 euum
1449 2309 1641 2349 duximus
1667 2309 1980 2363 indulgendum.

114 2375 181 2414 De
224 2386 352 2426 super
393 2374 647 2415 habundanti
689 2377 740 2416 ad
780 2377 859 2416 hec
899 2379 962 2417 eis
1002 2379 1145 2432 gratia
1195 2378 1431 2432 singularis
1478 2377 1775 2418 commoditatis
1815 2387 1980 2426 promo-

116 2445 324 2495 tionisque
362 2444 589 2482 omnimode
622 2445 857 2483 interuentu
893 2446 955 2483 ius
988 2446 1261 2497 depositionis
1295 2447 1487 2486 mercium
1520 2457 1597 2485 seu
1629 2444 1979 2484 mercimoniorum

116 2513 264 2554 ibidem
309 2514 643 2551 concurrentium
686 2512 781 2550 hinc
823 2516 864 2551 et
907 2513 1016 2566 indo,
1068 2514 1173 2565 quod
1219 2516 1352 2569 vulgo
1396 2514 1631 2564 Niderlaqe
1671 2511 1833 2566 dicitur,
1875 2522 1981 2550 con-

116 2582 335 2636 cedentes,
371 2580 601 2621 huiusmodi
635 2580 713 2620 sub
747 2585 956 2633 pretextu7
982 2581 1088 2633 quod
1119 2583 1238 2622 ciues
1263 2583 1316 2622 de
1342 2582 1469 2623 terris
1501 2581 1657 2621 nostris
1689 2583 1784 2620 octo
1818 2579 1980 2633 diebus,
