<?xml version="1.0" encoding="UTF-8"?>
<!DOCTYPE html PUBLIC "-//W3C//DTD XHTML 1.0 Transitional//EN"
    "http://www.w3.org/TR/xhtml1/DTD/xhtml1-transitional.dtd">
<html xmlns="http://www.w3.org/1999/xhtml" xml:lang="en" lang="en">
 <head>
  <title>
</title>
<meta http-equiv="Content-Type" content="text/html;charset=utf-8" />
  <meta name='ocr-system' content='tesseract 3.04.00' />
  <meta name='ocr-capabilities' content='ocr_page ocr_carea ocr_par ocr_line ocrx_word'/>
</head>
<body>
  <div class='ocr_page' id='page_1' title='image "./codexdiplomaticu04morauoft/codexdiplomaticu04morauoft_0437.png"; bbox 0 0 2138 2845; ppageno 0'>
   <div class='ocr_carea' id='block_1_1' title="bbox 918 195 1015 235">
    <p class='ocr_par' dir='ltr' id='par_1_1' title="bbox 918 195 1015 235">
     <span class='ocr_line' id='line_1_1' title="bbox 918 195 1015 235; baseline -0.01 0"><span class='ocrx_word' id='word_1_1' title='bbox 918 195 1015 235; x_wconf 82' lang='lat'><strong>391</strong></span> 
     </span>
    </p>
   </div>
   <div class='ocr_carea' id='block_1_2' title="bbox 815 257 980 263">
    <p class='ocr_par' dir='ltr' id='par_1_2' title="bbox 815 257 980 263">
     <span class='ocr_line' id='line_1_2' title="bbox 815 257 980 263; baseline 0 0"><span class='ocrx_word' id='word_1_2' title='bbox 815 257 980 263; x_wconf 95' lang='lat' dir='ltr'><strong> </strong></span> 
     </span>
    </p>
   </div>
   <div class='ocr_carea' id='block_1_3' title="bbox 33 335 1904 1215">
    <p class='ocr_par' dir='ltr' id='par_1_3' title="bbox 33 335 1904 1215">
     <span class='ocr_line' id='line_1_3' title="bbox 40 335 1904 390; baseline -0.002 -11"><span class='ocrx_word' id='word_1_3' title='bbox 40 337 96 380; x_wconf 90' lang='lat' dir='ltr'><strong>ad</strong></span> <span class='ocrx_word' id='word_1_4' title='bbox 128 349 177 379; x_wconf 87' lang='lat' dir='ltr'><strong>se</strong></span> <span class='ocrx_word' id='word_1_5' title='bbox 210 341 252 379; x_wconf 89' lang='lat' dir='ltr'><strong>et</strong></span> <span class='ocrx_word' id='word_1_6' title='bbox 283 338 337 378; x_wconf 90' lang='lat' dir='ltr'><strong>ad</strong></span> <span class='ocrx_word' id='word_1_7' title='bbox 369 350 484 379; x_wconf 90' lang='lat' dir='ltr'><strong>suum</strong></span> <span class='ocrx_word' id='word_1_8' title='bbox 518 338 735 378; x_wconf 73' lang='lat' dir='ltr'><strong>cenoqum</strong></span> <span class='ocrx_word' id='word_1_9' title='bbox 769 337 965 377; x_wconf 88' lang='lat' dir='ltr'><strong>dicebant</strong></span> <span class='ocrx_word' id='word_1_10' title='bbox 998 337 1088 377; x_wconf 92' lang='lat' dir='ltr'><strong>iure</strong></span> <span class='ocrx_word' id='word_1_11' title='bbox 1120 335 1375 376; x_wconf 88' lang='lat' dir='ltr'><strong>hereditario</strong></span> <span class='ocrx_word' id='word_1_12' title='bbox 1410 337 1646 390; x_wconf 67' lang='lat' dir='ltr'><strong>pertinere,</strong></span> <span class='ocrx_word' id='word_1_13' title='bbox 1687 348 1765 376; x_wconf 89' lang='lat' dir='ltr'><strong>nos</strong></span> <span class='ocrx_word' id='word_1_14' title='bbox 1797 348 1904 377; x_wconf 77' lang='lat' dir='ltr'><strong>vero</strong></span> 
     </span>
     <span class='ocr_line' id='line_1_4' title="bbox 37 405 1903 462; baseline -0.002 -14"><span class='ocrx_word' id='word_1_15' title='bbox 37 407 120 448; x_wconf 86' lang='lat' dir='ltr'><strong>hec</strong></span> <span class='ocrx_word' id='word_1_16' title='bbox 151 407 491 462; x_wconf 68' lang='lat' dir='ltr'><strong>contradiximus,</strong></span> <span class='ocrx_word' id='word_1_17' title='bbox 517 408 709 447; x_wconf 87' lang='lat' dir='ltr'><strong>volentes</strong></span> <span class='ocrx_word' id='word_1_18' title='bbox 743 406 819 445; x_wconf 86' lang='lat' dir='ltr'><strong>iam</strong></span> <span class='ocrx_word' id='word_1_19' title='bbox 853 406 985 445; x_wconf 89' lang='lat' dir='ltr'><strong>dictos</strong></span> <span class='ocrx_word' id='word_1_20' title='bbox 1011 405 1265 444; x_wconf 79' lang='lat' dir='ltr'><strong>abbatissam</strong></span> <span class='ocrx_word' id='word_1_21' title='bbox 1301 405 1551 456; x_wconf 80' lang='lat' dir='ltr'><strong>prepositum</strong></span> <span class='ocrx_word' id='word_1_22' title='bbox 1586 409 1627 445; x_wconf 91' lang='lat' dir='ltr'><strong>et</strong></span> <span class='ocrx_word' id='word_1_23' title='bbox 1657 409 1903 445; x_wconf 88' lang='lat' dir='ltr'><strong>conuentum</strong></span> 
     </span>
     <span class='ocr_line' id='line_1_5' title="bbox 37 472 1899 527; baseline -0.001 -13"><span class='ocrx_word' id='word_1_24' title='bbox 37 486 115 527; x_wconf 87' lang='lat' dir='ltr'><strong>pro</strong></span> <span class='ocrx_word' id='word_1_25' title='bbox 148 476 293 515; x_wconf 88' lang='lat' dir='ltr'><strong>eodem</strong></span> <span class='ocrx_word' id='word_1_26' title='bbox 326 476 448 516; x_wconf 83' lang='lat' dir='ltr'><strong>laneo</strong></span> <span class='ocrx_word' id='word_1_27' title='bbox 481 475 705 527; x_wconf 86' lang='lat' dir='ltr'><strong>optinendo</strong></span> <span class='ocrx_word' id='word_1_28' title='bbox 731 485 871 513; x_wconf 80' lang='lat' dir='ltr'><strong>coram</strong></span> <span class='ocrx_word' id='word_1_29' title='bbox 904 474 1148 525; x_wconf 88' lang='lat' dir='ltr'><strong>prouinciali</strong></span> <span class='ocrx_word' id='word_1_30' title='bbox 1183 472 1332 512; x_wconf 88' lang='lat' dir='ltr'><strong>iudicio</strong></span> <span class='ocrx_word' id='word_1_31' title='bbox 1359 474 1602 527; x_wconf 89' lang='lat' dir='ltr'><strong>conuenire,</strong></span> <span class='ocrx_word' id='word_1_32' title='bbox 1636 474 1713 513; x_wconf 89' lang='lat' dir='ltr'><strong>sed</strong></span> <span class='ocrx_word' id='word_1_33' title='bbox 1747 474 1798 512; x_wconf 87' lang='lat' dir='ltr'><strong>ad</strong></span> <span class='ocrx_word' id='word_1_34' title='bbox 1833 475 1899 513; x_wconf 91' lang='lat' dir='ltr'><strong>in-</strong></span> 
     </span>
     <span class='ocr_line' id='line_1_6' title="bbox 37 542 1898 595; baseline -0.002 -11"><span class='ocrx_word' id='word_1_35' title='bbox 37 546 238 585; x_wconf 88' lang='lat' dir='ltr'><strong>stanciam</strong></span> <span class='ocrx_word' id='word_1_36' title='bbox 273 548 315 584; x_wconf 91' lang='lat' dir='ltr'><strong>et</strong></span> <span class='ocrx_word' id='word_1_37' title='bbox 347 544 400 584; x_wconf 91' lang='lat' dir='ltr'><strong>ob</strong></span> <span class='ocrx_word' id='word_1_38' title='bbox 425 544 694 584; x_wconf 90' lang='lat' dir='ltr'><strong>dileccionem</strong></span> <span class='ocrx_word' id='word_1_39' title='bbox 727 543 880 582; x_wconf 89' lang='lat' dir='ltr'><strong>dilecte</strong></span> <span class='ocrx_word' id='word_1_40' title='bbox 909 543 1030 581; x_wconf 83' lang='lat' dir='ltr'><strong>amite</strong></span> <span class='ocrx_word' id='word_1_41' title='bbox 1065 545 1207 581; x_wconf 90' lang='lat' dir='ltr'><strong>nostre</strong></span> <span class='ocrx_word' id='word_1_42' title='bbox 1241 542 1402 581; x_wconf 88' lang='lat' dir='ltr'><strong>domine</strong></span> <span class='ocrx_word' id='word_1_43' title='bbox 1430 542 1648 595; x_wconf 73' lang='lat' dir='ltr'><strong>Dymudis,</strong></span> <span class='ocrx_word' id='word_1_44' title='bbox 1683 543 1898 595; x_wconf 88' lang='lat' dir='ltr'><strong>priorisse,</strong></span> 
     </span>
     <span class='ocr_line' id='line_1_7' title="bbox 37 610 1898 665; baseline -0.002 -13"><span class='ocrx_word' id='word_1_45' title='bbox 37 615 82 652; x_wconf 88' lang='lat' dir='ltr'><strong>et</strong></span> <span class='ocrx_word' id='word_1_46' title='bbox 113 611 355 652; x_wconf 89' lang='lat' dir='ltr'><strong>dilectarum</strong></span> <span class='ocrx_word' id='word_1_47' title='bbox 387 624 574 652; x_wconf 89' lang='lat' dir='ltr'><strong>sororum</strong></span> <span class='ocrx_word' id='word_1_48' title='bbox 618 615 850 651; x_wconf 86' lang='lat' dir='ltr'><strong>nostrarum</strong></span> <span class='ocrx_word' id='word_1_49' title='bbox 882 611 1168 665; x_wconf 80' lang='lat' dir='ltr'><strong>Margarethe</strong></span> <span class='ocrx_word' id='word_1_50' title='bbox 1211 614 1252 650; x_wconf 90' lang='lat' dir='ltr'><strong>et</strong></span> <span class='ocrx_word' id='word_1_51' title='bbox 1283 611 1472 665; x_wconf 80' lang='lat' dir='ltr'><strong>Agnetis</strong></span> <span class='ocrx_word' id='word_1_52' title='bbox 1515 611 1554 649; x_wconf 90' lang='lat' dir='ltr'><strong>in</strong></span> <span class='ocrx_word' id='word_1_53' title='bbox 1596 611 1685 661; x_wconf 91' lang='lat' dir='ltr'><strong>ipso</strong></span> <span class='ocrx_word' id='word_1_54' title='bbox 1720 610 1898 649; x_wconf 90' lang='lat' dir='ltr'><strong>cenobio</strong></span> 
     </span>
     <span class='ocr_line' id='line_1_8' title="bbox 36 679 1897 730; baseline -0.001 -11"><span class='ocrx_word' id='word_1_55' title='bbox 36 679 117 720; x_wconf 87' lang='lat' dir='ltr'><strong>deo</strong></span> <span class='ocrx_word' id='word_1_56' title='bbox 156 679 444 720; x_wconf 87' lang='lat' dir='ltr'><strong>famulancium</strong></span> <span class='ocrx_word' id='word_1_57' title='bbox 485 684 527 720; x_wconf 89' lang='lat' dir='ltr'><strong>et</strong></span> <span class='ocrx_word' id='word_1_58' title='bbox 566 682 698 719; x_wconf 89' lang='lat' dir='ltr'><strong>eciam</strong></span> <span class='ocrx_word' id='word_1_59' title='bbox 736 680 788 720; x_wconf 93' lang='lat' dir='ltr'><strong>ob</strong></span> <span class='ocrx_word' id='word_1_60' title='bbox 828 681 1118 720; x_wconf 88' lang='lat' dir='ltr'><strong>reuerenciam</strong></span> <span class='ocrx_word' id='word_1_61' title='bbox 1158 680 1371 719; x_wconf 87' lang='lat' dir='ltr'><strong>memorati</strong></span> <span class='ocrx_word' id='word_1_62' title='bbox 1411 679 1559 718; x_wconf 89' lang='lat' dir='ltr'><strong>domini</strong></span> <span class='ocrx_word' id='word_1_63' title='bbox 1602 680 1801 730; x_wconf 83' lang='lat' dir='ltr'><strong>prepositi</strong></span> <span class='ocrx_word' id='word_1_64' title='bbox 1844 679 1897 717; x_wconf 91' lang='lat' dir='ltr'><strong>ab</strong></span> 
     </span>
     <span class='ocr_line' id='line_1_9' title="bbox 35 747 1898 801; baseline -0.001 -13"><span class='ocrx_word' id='word_1_65' title='bbox 35 749 289 800; x_wconf 89' lang='lat' dir='ltr'><strong>inpeticione</strong></span> <span class='ocrx_word' id='word_1_66' title='bbox 331 749 514 801; x_wconf 90' lang='lat' dir='ltr'><strong>qualibet</strong></span> <span class='ocrx_word' id='word_1_67' title='bbox 555 750 814 789; x_wconf 89' lang='lat' dir='ltr'><strong>cessauimus</strong></span> <span class='ocrx_word' id='word_1_68' title='bbox 857 752 899 788; x_wconf 90' lang='lat' dir='ltr'><strong>et</strong></span> <span class='ocrx_word' id='word_1_69' title='bbox 947 759 1177 801; x_wconf 73' lang='lat' dir='ltr'><strong>cessamus,</strong></span> <span class='ocrx_word' id='word_1_70' title='bbox 1218 748 1420 788; x_wconf 86' lang='lat' dir='ltr'><strong>cedentes</strong></span> <span class='ocrx_word' id='word_1_71' title='bbox 1461 751 1503 786; x_wconf 91' lang='lat' dir='ltr'><strong>et</strong></span> <span class='ocrx_word' id='word_1_72' title='bbox 1543 747 1898 786; x_wconf 87' lang='lat' dir='ltr'><strong>abrenunciantes</strong></span> 
     </span>
     <span class='ocr_line' id='line_1_10' title="bbox 35 814 1897 870; baseline -0.001 -14"><span class='ocrx_word' id='word_1_73' title='bbox 35 817 158 870; x_wconf 88' lang='lat' dir='ltr'><strong>omni,</strong></span> <span class='ocrx_word' id='word_1_74' title='bbox 197 828 277 869; x_wconf 91' lang='lat' dir='ltr'><strong>quo</strong></span> <span class='ocrx_word' id='word_1_75' title='bbox 316 817 558 857; x_wconf 89' lang='lat' dir='ltr'><strong>uidebamur</strong></span> <span class='ocrx_word' id='word_1_76' title='bbox 597 818 728 869; x_wconf 90' lang='lat' dir='ltr'><strong>ipsum</strong></span> <span class='ocrx_word' id='word_1_77' title='bbox 769 818 930 857; x_wconf 89' lang='lat' dir='ltr'><strong>laneum</strong></span> <span class='ocrx_word' id='word_1_78' title='bbox 965 829 1091 869; x_wconf 90' lang='lat' dir='ltr'><strong>posse</strong></span> <span class='ocrx_word' id='word_1_79' title='bbox 1124 821 1320 868; x_wconf 90' lang='lat' dir='ltr'><strong>repetere</strong></span> <span class='ocrx_word' id='word_1_80' title='bbox 1362 820 1431 855; x_wconf 87' lang='lat' dir='ltr'><strong>aut</strong></span> <span class='ocrx_word' id='word_1_81' title='bbox 1464 816 1649 867; x_wconf 86' lang='lat' dir='ltr'><strong>quolibet</strong></span> <span class='ocrx_word' id='word_1_82' title='bbox 1680 814 1758 855; x_wconf 90' lang='lat' dir='ltr'><strong>srui</strong></span> <span class='ocrx_word' id='word_1_83' title='bbox 1794 817 1897 869; x_wconf 88' lang='lat' dir='ltr'><strong>iure,</strong></span> 
     </span>
     <span class='ocr_line' id='line_1_11' title="bbox 35 883 1897 940; baseline -0.001 -16"><span class='ocrx_word' id='word_1_84' title='bbox 35 885 92 925; x_wconf 89' lang='lat' dir='ltr'><strong>ita</strong></span> <span class='ocrx_word' id='word_1_85' title='bbox 126 890 168 925; x_wconf 90' lang='lat' dir='ltr'><strong>ut</strong></span> <span class='ocrx_word' id='word_1_86' title='bbox 201 883 348 937; x_wconf 88' lang='lat' dir='ltr'><strong>prefati</strong></span> <span class='ocrx_word' id='word_1_87' title='bbox 389 886 623 940; x_wconf 73' lang='lat' dir='ltr'><strong>abbatissa,</strong></span> <span class='ocrx_word' id='word_1_88' title='bbox 664 886 902 937; x_wconf 81' lang='lat' dir='ltr'><strong>prepositus</strong></span> <span class='ocrx_word' id='word_1_89' title='bbox 944 890 985 925; x_wconf 92' lang='lat' dir='ltr'><strong>et</strong></span> <span class='ocrx_word' id='word_1_90' title='bbox 1018 890 1249 925; x_wconf 87' lang='lat' dir='ltr'><strong>conuentus</strong></span> <span class='ocrx_word' id='word_1_91' title='bbox 1290 885 1437 924; x_wconf 91' lang='lat' dir='ltr'><strong>dictum</strong></span> <span class='ocrx_word' id='word_1_92' title='bbox 1472 885 1633 924; x_wconf 86' lang='lat' dir='ltr'><strong>laneum</strong></span> <span class='ocrx_word' id='word_1_93' title='bbox 1667 896 1756 924; x_wconf 91' lang='lat' dir='ltr'><strong>cum</strong></span> <span class='ocrx_word' id='word_1_94' title='bbox 1790 885 1897 924; x_wconf 89' lang='lat' dir='ltr'><strong>omni</strong></span> 
     </span>
     <span class='ocr_line' id='line_1_12' title="bbox 34 953 1897 1008; baseline -0.001 -16"><span class='ocrx_word' id='word_1_95' title='bbox 34 953 202 993; x_wconf 88' lang='lat' dir='ltr'><strong>iusticia</strong></span> <span class='ocrx_word' id='word_1_96' title='bbox 228 955 319 993; x_wconf 89' lang='lat' dir='ltr'><strong>iure</strong></span> <span class='ocrx_word' id='word_1_97' title='bbox 345 954 601 994; x_wconf 86' lang='lat' dir='ltr'><strong>hereditario</strong></span> <span class='ocrx_word' id='word_1_98' title='bbox 627 954 885 1008; x_wconf 89' lang='lat' dir='ltr'><strong>possideant,</strong></span> <span class='ocrx_word' id='word_1_99' title='bbox 912 958 953 994; x_wconf 87' lang='lat' dir='ltr'><strong>et</strong></span> <span class='ocrx_word' id='word_1_100' title='bbox 979 965 1054 1005; x_wconf 93' lang='lat' dir='ltr'><strong>pro</strong></span> <span class='ocrx_word' id='word_1_101' title='bbox 1080 954 1194 993; x_wconf 88' lang='lat' dir='ltr'><strong>libitu</strong></span> <span class='ocrx_word' id='word_1_102' title='bbox 1218 953 1352 993; x_wconf 88' lang='lat' dir='ltr'><strong>libere</strong></span> <span class='ocrx_word' id='word_1_103' title='bbox 1376 953 1569 993; x_wconf 80' lang='lat' dir='ltr'><strong>ordinent</strong></span> <span class='ocrx_word' id='word_1_104' title='bbox 1594 957 1636 993; x_wconf 89' lang='lat' dir='ltr'><strong>et</strong></span> <span class='ocrx_word' id='word_1_105' title='bbox 1662 953 1897 1005; x_wconf 88' lang='lat' dir='ltr'><strong>disponant.</strong></span> 
     </span>
     <span class='ocr_line' id='line_1_13' title="bbox 33 1020 1897 1076; baseline -0.001 -14"><span class='ocrx_word' id='word_1_106' title='bbox 33 1021 83 1062; x_wconf 86' lang='lat' dir='ltr'><strong>In</strong></span> <span class='ocrx_word' id='word_1_107' title='bbox 114 1023 233 1063; x_wconf 87' lang='lat' dir='ltr'><strong>cuius</strong></span> <span class='ocrx_word' id='word_1_108' title='bbox 267 1024 328 1063; x_wconf 92' lang='lat' dir='ltr'><strong>rei</strong></span> <span class='ocrx_word' id='word_1_109' title='bbox 360 1024 633 1063; x_wconf 88' lang='lat' dir='ltr'><strong>testimonium</strong></span> <span class='ocrx_word' id='word_1_110' title='bbox 666 1027 904 1074; x_wconf 87' lang='lat' dir='ltr'><strong>presentem</strong></span> <span class='ocrx_word' id='word_1_111' title='bbox 938 1023 1114 1062; x_wconf 88' lang='lat' dir='ltr'><strong>litteram</strong></span> <span class='ocrx_word' id='word_1_112' title='bbox 1146 1022 1277 1061; x_wconf 90' lang='lat' dir='ltr'><strong>nostri</strong></span> <span class='ocrx_word' id='word_1_113' title='bbox 1311 1022 1441 1076; x_wconf 85' lang='lat' dir='ltr'><strong>sigilli</strong></span> <span class='ocrx_word' id='word_1_114' title='bbox 1475 1023 1691 1061; x_wconf 89' lang='lat' dir='ltr'><strong>munimine</strong></span> <span class='ocrx_word' id='word_1_115' title='bbox 1725 1020 1897 1061; x_wconf 82' lang='lat' dir='ltr'><strong>fecimus</strong></span> 
     </span>
     <span class='ocr_line' id='line_1_14' title="bbox 34 1087 1896 1145; baseline -0.001 -15"><span class='ocrx_word' id='word_1_116' title='bbox 34 1090 239 1131; x_wconf 85' lang='lat' dir='ltr'><strong>roborari.</strong></span> <span class='ocrx_word' id='word_1_117' title='bbox 279 1092 431 1132; x_wconf 91' lang='lat' dir='ltr'><strong>Datum</strong></span> <span class='ocrx_word' id='word_1_118' title='bbox 463 1092 505 1131; x_wconf 90' lang='lat' dir='ltr'><strong>in</strong></span> <span class='ocrx_word' id='word_1_119' title='bbox 537 1092 808 1145; x_wconf 87' lang='lat' dir='ltr'><strong>Schalanizc,</strong></span> <span class='ocrx_word' id='word_1_120' title='bbox 841 1103 950 1132; x_wconf 90' lang='lat' dir='ltr'><strong>anno</strong></span> <span class='ocrx_word' id='word_1_121' title='bbox 984 1090 1133 1131; x_wconf 90' lang='lat' dir='ltr'><strong>domini</strong></span> <span class='ocrx_word' id='word_1_122' title='bbox 1165 1089 1227 1130; x_wconf 88' lang='grc' dir='ltr'><strong>Μ.</strong></span> <span class='ocrx_word' id='word_1_123' title='bbox 1253 1087 1343 1132; x_wconf 79' lang='lat' dir='ltr'><strong>CC.</strong></span> <span class='ocrx_word' id='word_1_124' title='bbox 1369 1090 1662 1145; x_wconf 81' lang='lat' dir='ltr'><strong>nonagesimo,</strong></span> <span class='ocrx_word' id='word_1_125' title='bbox 1694 1089 1896 1144; x_wconf 87' lang='lat' dir='ltr'><strong>secundo,</strong></span> 
     </span>
     <span class='ocr_line' id='line_1_15' title="bbox 34 1159 823 1215; baseline 0.001 -17"><span class='ocrx_word' id='word_1_126' title='bbox 34 1159 76 1199; x_wconf 88' lang='lat' dir='ltr'><strong>in</strong></span> <span class='ocrx_word' id='word_1_127' title='bbox 109 1159 177 1199; x_wconf 90' lang='lat' dir='ltr'><strong>die</strong></span> <span class='ocrx_word' id='word_1_128' title='bbox 210 1159 337 1200; x_wconf 91' lang='lat' dir='ltr'><strong>beate</strong></span> <span class='ocrx_word' id='word_1_129' title='bbox 368 1160 511 1200; x_wconf 86' lang='lat' dir='ltr'><strong>Marie</strong></span> <span class='ocrx_word' id='word_1_130' title='bbox 544 1160 823 1215; x_wconf 81' lang='lat' dir='ltr'><strong>Magdalene.</strong></span> 
     </span>
    </p>
   </div>
   <div class='ocr_carea' id='block_1_4' title="bbox 344 1257 1799 1302">
    <p class='ocr_par' dir='ltr' id='par_1_4' title="bbox 344 1257 1799 1302">
     <span class='ocr_line' id='line_1_16' title="bbox 344 1257 1799 1302; baseline -0.002 -10"><span class='ocrx_word' id='word_1_131' title='bbox 344 1259 399 1292; x_wconf 83' lang='lat' dir='ltr'><strong>Ex</strong></span> <span class='ocrx_word' id='word_1_132' title='bbox 423 1259 629 1302; x_wconf 84' lang='lat' dir='ltr'><strong>originali</strong></span> <span class='ocrx_word' id='word_1_133' title='bbox 652 1269 724 1291; x_wconf 89' lang='lat' dir='ltr'><strong>cum</strong></span> <span class='ocrx_word' id='word_1_134' title='bbox 748 1259 856 1302; x_wconf 83' lang='lat' dir='ltr'><strong>sigillo</strong></span> <span class='ocrx_word' id='word_1_135' title='bbox 879 1259 995 1291; x_wconf 89' lang='lat' dir='ltr'><strong>illaeso</strong></span> <span class='ocrx_word' id='word_1_136' title='bbox 1019 1260 1050 1291; x_wconf 91' lang='lat' dir='ltr'><strong>in</strong></span> <span class='ocrx_word' id='word_1_137' title='bbox 1073 1258 1209 1291; x_wconf 86' lang='lat' dir='ltr'><strong>archivo</strong></span> <span class='ocrx_word' id='word_1_138' title='bbox 1232 1259 1419 1290; x_wconf 87' lang='lat' dir='ltr'><strong>monasterii</strong></span> <span class='ocrx_word' id='word_1_139' title='bbox 1442 1257 1579 1290; x_wconf 87' lang='lat' dir='ltr'><strong>Aulae</strong></span> <span class='ocrx_word' id='word_1_140' title='bbox 1601 1258 1799 1301; x_wconf 82' lang='lat' dir='ltr'><strong>Reginae.</strong></span> 
     </span>
    </p>
   </div>
   <div class='ocr_carea' id='block_1_5' title="bbox 838 1422 1077 1466">
    <p class='ocr_par' dir='ltr' id='par_1_5' title="bbox 838 1422 1077 1466">
     <span class='ocr_line' id='line_1_17' title="bbox 838 1422 1077 1466; baseline -0.004 -1"><span class='ocrx_word' id='word_1_141' title='bbox 838 1422 955 1466; x_wconf 82' lang='lat' dir='ltr'><strong>CCC</strong></span> <span class='ocrx_word' id='word_1_142' title='bbox 962 1425 1077 1465; x_wconf 85' lang='lat' dir='ltr'>V111.</span> 
     </span>
    </p>
   </div>
   <div class='ocr_carea' id='block_1_6' title="bbox 35 1526 1894 1703">
    <p class='ocr_par' dir='ltr' id='par_1_6' title="bbox 35 1526 1894 1703">
     <span class='ocr_line' id='line_1_18' title="bbox 35 1526 1894 1580; baseline 0 -14"><span class='ocrx_word' id='word_1_143' title='bbox 35 1526 336 1580; x_wconf 74' lang='lat' dir='ltr'><strong>Theodericus,</strong></span> <span class='ocrx_word' id='word_1_144' title='bbox 369 1528 594 1580; x_wconf 78' lang='lat' dir='ltr'><strong>episcopus</strong></span> <span class='ocrx_word' id='word_1_145' title='bbox 629 1527 935 1578; x_wconf 70' lang='lat' dir='ltr'><strong>Oloniucensis,</strong></span> <span class='ocrx_word' id='word_1_146' title='bbox 977 1527 1198 1580; x_wconf 71' lang='lat' dir='ltr'><strong>confimat</strong></span> <span class='ocrx_word' id='word_1_147' title='bbox 1226 1526 1431 1566; x_wconf 77' lang='lat' dir='ltr'><strong>ecclesiae</strong></span> <span class='ocrx_word' id='word_1_148' title='bbox 1462 1526 1692 1566; x_wconf 61' lang='lat' dir='ltr'><strong>Hulz&#39;nense·</strong></span> <span class='ocrx_word' id='word_1_149' title='bbox 1719 1538 1894 1579; x_wconf 78' lang='lat' dir='ltr'><strong>posses-</strong></span> 
     </span>
     <span class='ocr_line' id='line_1_19' title="bbox 60 1593 1863 1648; baseline 0 -14"><span class='ocrx_word' id='word_1_150' title='bbox 60 1596 220 1635; x_wconf 80' lang='lat' dir='ltr'><strong>sionem</strong></span> <span class='ocrx_word' id='word_1_151' title='bbox 253 1596 366 1636; x_wconf 71' lang='lat' dir='ltr'><strong>lanei</strong></span> <span class='ocrx_word' id='word_1_152' title='bbox 397 1595 448 1635; x_wconf 86' lang='lat' dir='ltr'><strong>ab</strong></span> <span class='ocrx_word' id='word_1_153' title='bbox 481 1595 687 1635; x_wconf 69' lang='lat' dir='ltr'><strong>advocato</strong></span> <span class='ocrx_word' id='word_1_154' title='bbox 719 1595 912 1634; x_wconf 69' lang='lat' dir='ltr'><strong>Arnoldo</strong></span> <span class='ocrx_word' id='word_1_155' title='bbox 944 1596 1082 1646; x_wconf 68' lang='lat' dir='ltr'><strong>leycett.</strong></span> <span class='ocrx_word' id='word_1_156' title='bbox 1147 1596 1220 1635; x_wconf 81' lang='lat' dir='ltr'><strong>Dc.</strong></span> <span class='ocrx_word' id='word_1_157' title='bbox 1253 1595 1297 1635; x_wconf 79' lang='lat' dir='ltr'><strong>in</strong></span> <span class='ocrx_word' id='word_1_158' title='bbox 1328 1594 1479 1647; x_wconf 63' lang='lat' dir='ltr'><strong>Huljn,</strong></span> <span class='ocrx_word' id='word_1_159' title='bbox 1514 1594 1557 1634; x_wconf 90' lang='lat'><strong>1.</strong></span> <span class='ocrx_word' id='word_1_160' title='bbox 1590 1593 1863 1648; x_wconf 75' lang='lat' dir='ltr'><strong>Septembris,</strong></span> 
     </span>
     <span class='ocr_line' id='line_1_20' title="bbox 891 1663 1040 1703; baseline 0.007 -1"><span class='ocrx_word' id='word_1_161' title='bbox 891 1663 1040 1703; x_wconf 75' lang='lat'><strong>1292.</strong></span> 
     </span>
    </p>
   </div>
   <div class='ocr_carea' id='block_1_7' title="bbox 26 1755 1892 2445">
    <p class='ocr_par' dir='ltr' id='par_1_7' title="bbox 26 1755 1892 2445">
     <span class='ocr_line' id='line_1_21' title="bbox 178 1755 1892 1828; baseline -0.001 -12"><span class='ocrx_word' id='word_1_162' title='bbox 178 1755 293 1817; x_wconf 86' lang='lat' dir='ltr'><strong>Nos</strong></span> <span class='ocrx_word' id='word_1_163' title='bbox 325 1775 632 1828; x_wconf 74' lang='lat' dir='ltr'><strong>Theodericus,</strong></span> <span class='ocrx_word' id='word_1_164' title='bbox 667 1774 732 1813; x_wconf 91' lang='lat' dir='ltr'><strong>dei</strong></span> <span class='ocrx_word' id='word_1_165' title='bbox 767 1774 919 1827; x_wconf 81' lang='lat' dir='ltr'><strong>gracia</strong></span> <span class='ocrx_word' id='word_1_166' title='bbox 953 1773 1241 1814; x_wconf 85' lang='lat' dir='ltr'><strong>olomucensis</strong></span> <span class='ocrx_word' id='word_1_167' title='bbox 1274 1773 1511 1824; x_wconf 87' lang='lat' dir='ltr'><strong>episcopus.</strong></span> <span class='ocrx_word' id='word_1_168' title='bbox 1552 1773 1749 1813; x_wconf 87' lang='lat' dir='ltr'><strong>Omnibus</strong></span> <span class='ocrx_word' id='word_1_169' title='bbox 1783 1774 1892 1814; x_wconf 78' lang='lat' dir='ltr'><strong>lianc</strong></span> 
     </span>
     <span class='ocr_line' id='line_1_22' title="bbox 29 1840 1891 1895; baseline 0 -13"><span class='ocrx_word' id='word_1_170' title='bbox 29 1843 205 1883; x_wconf 86' lang='lat' dir='ltr'><strong>litteram</strong></span> <span class='ocrx_word' id='word_1_171' title='bbox 240 1844 507 1895; x_wconf 89' lang='lat' dir='ltr'><strong>presentibus</strong></span> <span class='ocrx_word' id='word_1_172' title='bbox 541 1848 583 1883; x_wconf 91' lang='lat' dir='ltr'><strong>et</strong></span> <span class='ocrx_word' id='word_1_173' title='bbox 616 1844 796 1894; x_wconf 83' lang='lat' dir='ltr'><strong>posteris</strong></span> <span class='ocrx_word' id='word_1_174' title='bbox 830 1843 1082 1893; x_wconf 86' lang='lat' dir='ltr'><strong>inspecturis</strong></span> <span class='ocrx_word' id='word_1_175' title='bbox 1117 1840 1354 1893; x_wconf 88' lang='lat' dir='ltr'><strong>profitemur</strong></span> <span class='ocrx_word' id='word_1_176' title='bbox 1386 1842 1552 1895; x_wconf 87' lang='lat' dir='ltr'><strong>deuote,</strong></span> <span class='ocrx_word' id='word_1_177' title='bbox 1586 1842 1694 1893; x_wconf 88' lang='lat' dir='ltr'><strong>quod</strong></span> <span class='ocrx_word' id='word_1_178' title='bbox 1728 1854 1805 1882; x_wconf 89' lang='lat' dir='ltr'><strong>nos</strong></span> <span class='ocrx_word' id='word_1_179' title='bbox 1839 1843 1891 1882; x_wconf 91' lang='lat' dir='ltr'><strong>ob</strong></span> 
     </span>
     <span class='ocr_line' id='line_1_23' title="bbox 29 1911 1890 1965; baseline -0.001 -13"><span class='ocrx_word' id='word_1_180' title='bbox 29 1912 253 1952; x_wconf 87' lang='lat' dir='ltr'><strong>remedium</strong></span> <span class='ocrx_word' id='word_1_181' title='bbox 287 1913 420 1952; x_wconf 88' lang='lat' dir='ltr'><strong>anime</strong></span> <span class='ocrx_word' id='word_1_182' title='bbox 455 1916 598 1952; x_wconf 89' lang='lat' dir='ltr'><strong>nostre</strong></span> <span class='ocrx_word' id='word_1_183' title='bbox 632 1912 738 1951; x_wconf 88' lang='lat' dir='ltr'><strong>illum</strong></span> <span class='ocrx_word' id='word_1_184' title='bbox 771 1923 921 1965; x_wconf 82' lang='lat' dir='ltr'><strong>agrum</strong></span> <span class='ocrx_word' id='word_1_185' title='bbox 955 1922 1031 1950; x_wconf 88' lang='lat' dir='ltr'><strong>seu</strong></span> <span class='ocrx_word' id='word_1_186' title='bbox 1057 1923 1254 1965; x_wconf 87' lang='lat' dir='ltr'><strong>campum,</strong></span> <span class='ocrx_word' id='word_1_187' title='bbox 1289 1922 1408 1962; x_wconf 83' lang='lat' dir='ltr'><strong>quem</strong></span> <span class='ocrx_word' id='word_1_188' title='bbox 1440 1911 1653 1950; x_wconf 88' lang='lat' dir='ltr'><strong>Arnoldus</strong></span> <span class='ocrx_word' id='word_1_189' title='bbox 1687 1911 1890 1963; x_wconf 87' lang='lat' dir='ltr'><strong>quondam</strong></span> 
     </span>
     <span class='ocr_line' id='line_1_24' title="bbox 29 1979 1890 2034; baseline -0.001 -13"><span class='ocrx_word' id='word_1_190' title='bbox 29 1980 262 2021; x_wconf 86' lang='lat' dir='ltr'><strong>aduocatus</strong></span> <span class='ocrx_word' id='word_1_191' title='bbox 295 1982 334 2020; x_wconf 91' lang='lat' dir='ltr'><strong>in</strong></span> <span class='ocrx_word' id='word_1_192' title='bbox 368 1982 502 2020; x_wconf 67' lang='lat' dir='ltr'><strong>Helia</strong></span> <span class='ocrx_word' id='word_1_193' title='bbox 536 1981 699 2034; x_wconf 78' lang='lat' dir='ltr'><strong>legauit</strong></span> <span class='ocrx_word' id='word_1_194' title='bbox 733 1980 917 2018; x_wconf 88' lang='lat' dir='ltr'><strong>ecclesie</strong></span> <span class='ocrx_word' id='word_1_195' title='bbox 959 1979 1124 2030; x_wconf 71' lang='lat' dir='ltr'><strong>ibidem,</strong></span> <span class='ocrx_word' id='word_1_196' title='bbox 1157 1980 1248 2019; x_wconf 89' lang='lat' dir='ltr'><strong>siue</strong></span> <span class='ocrx_word' id='word_1_197' title='bbox 1287 1980 1340 2019; x_wconf 90' lang='lat' dir='ltr'><strong>ad</strong></span> <span class='ocrx_word' id='word_1_198' title='bbox 1373 1991 1449 2019; x_wconf 87' lang='lat' dir='ltr'><strong>nos</strong></span> <span class='ocrx_word' id='word_1_199' title='bbox 1483 1980 1679 2031; x_wconf 88' lang='lat' dir='ltr'><strong>pertinuit</strong></span> <span class='ocrx_word' id='word_1_200' title='bbox 1711 1982 1803 2019; x_wconf 88' lang='lat' dir='ltr'><strong>siue</strong></span> <span class='ocrx_word' id='word_1_201' title='bbox 1837 1980 1890 2020; x_wconf 90' lang='lat' dir='ltr'><strong>ad</strong></span> 
     </span>
     <span class='ocr_line' id='line_1_25' title="bbox 29 2047 1890 2103; baseline 0 -15"><span class='ocrx_word' id='word_1_202' title='bbox 29 2049 173 2103; x_wconf 89' lang='lat' dir='ltr'><strong>ipsum,</strong></span> <span class='ocrx_word' id='word_1_203' title='bbox 206 2049 340 2089; x_wconf 90' lang='lat' dir='ltr'><strong>eidem</strong></span> <span class='ocrx_word' id='word_1_204' title='bbox 374 2049 558 2088; x_wconf 83' lang='lat' dir='ltr'><strong>ecclesie</strong></span> <span class='ocrx_word' id='word_1_205' title='bbox 593 2049 633 2087; x_wconf 89' lang='lat' dir='ltr'><strong>in</strong></span> <span class='ocrx_word' id='word_1_206' title='bbox 667 2049 791 2087; x_wconf 89' lang='lat' dir='ltr'><strong>llulin</strong></span> <span class='ocrx_word' id='word_1_207' title='bbox 833 2048 976 2087; x_wconf 89' lang='lat' dir='ltr'><strong>damus</strong></span> <span class='ocrx_word' id='word_1_208' title='bbox 1009 2048 1253 2101; x_wconf 69' lang='lat' dir='ltr'><strong>liberaliter,</strong></span> <span class='ocrx_word' id='word_1_209' title='bbox 1294 2052 1336 2088; x_wconf 91' lang='lat' dir='ltr'><strong>et</strong></span> <span class='ocrx_word' id='word_1_210' title='bbox 1368 2047 1653 2088; x_wconf 87' lang='lat' dir='ltr'><strong>confirmamus</strong></span> <span class='ocrx_word' id='word_1_211' title='bbox 1686 2052 1890 2100; x_wconf 90' lang='lat' dir='ltr'><strong>perpetuo</strong></span> 
     </span>
     <span class='ocr_line' id='line_1_26' title="bbox 29 2115 1888 2172; baseline 0 -15"><span class='ocrx_word' id='word_1_212' title='bbox 29 2118 337 2171; x_wconf 87' lang='lat' dir='ltr'><strong>possidendum,</strong></span> <span class='ocrx_word' id='word_1_213' title='bbox 372 2122 418 2157; x_wconf 85' lang='lat' dir='ltr'><strong>vt</strong></span> <span class='ocrx_word' id='word_1_214' title='bbox 451 2118 653 2168; x_wconf 88' lang='lat' dir='ltr'><strong>plebanus</strong></span> <span class='ocrx_word' id='word_1_215' title='bbox 688 2117 764 2156; x_wconf 94' lang='lat' dir='ltr'><strong>loci</strong></span> <span class='ocrx_word' id='word_1_216' title='bbox 800 2117 987 2170; x_wconf 85' lang='lat' dir='ltr'><strong>predicti,</strong></span> <span class='ocrx_word' id='word_1_217' title='bbox 1021 2118 1256 2169; x_wconf 86' lang='lat' dir='ltr'><strong>quicunque</strong></span> <span class='ocrx_word' id='word_1_218' title='bbox 1290 2129 1364 2168; x_wconf 92' lang='lat' dir='ltr'><strong>pro</strong></span> <span class='ocrx_word' id='word_1_219' title='bbox 1397 2121 1582 2168; x_wconf 89' lang='lat' dir='ltr'><strong>tempore</strong></span> <span class='ocrx_word' id='word_1_220' title='bbox 1614 2115 1752 2172; x_wconf 86' lang='lat' dir='ltr'><strong>suerit,</strong></span> <span class='ocrx_word' id='word_1_221' title='bbox 1786 2129 1888 2169; x_wconf 89' lang='lat' dir='ltr'><strong>pre-</strong></span> 
     </span>
     <span class='ocr_line' id='line_1_27' title="bbox 28 2184 1888 2240; baseline 0.001 -15"><span class='ocrx_word' id='word_1_222' title='bbox 28 2185 177 2225; x_wconf 92' lang='lat' dir='ltr'><strong>dictum</strong></span> <span class='ocrx_word' id='word_1_223' title='bbox 225 2197 408 2236; x_wconf 88' lang='lat' dir='ltr'><strong>campum</strong></span> <span class='ocrx_word' id='word_1_224' title='bbox 457 2197 533 2225; x_wconf 89' lang='lat' dir='ltr'><strong>seu</strong></span> <span class='ocrx_word' id='word_1_225' title='bbox 573 2196 724 2239; x_wconf 82' lang='lat' dir='ltr'><strong>agrum</strong></span> <span class='ocrx_word' id='word_1_226' title='bbox 773 2186 1002 2239; x_wconf 81' lang='lat' dir='ltr'><strong>possideat,</strong></span> <span class='ocrx_word' id='word_1_227' title='bbox 1041 2189 1185 2225; x_wconf 90' lang='lat' dir='ltr'><strong>teneat</strong></span> <span class='ocrx_word' id='word_1_228' title='bbox 1232 2186 1379 2240; x_wconf 87' lang='lat' dir='ltr'><strong>libere,</strong></span> <span class='ocrx_word' id='word_1_229' title='bbox 1428 2184 1601 2236; x_wconf 86' lang='lat' dir='ltr'><strong>pacifice</strong></span> <span class='ocrx_word' id='word_1_230' title='bbox 1649 2189 1691 2226; x_wconf 86' lang='lat' dir='ltr'><strong>et</strong></span> <span class='ocrx_word' id='word_1_231' title='bbox 1734 2187 1888 2238; x_wconf 89' lang='lat' dir='ltr'><strong>quiete.</strong></span> 
     </span>
     <span class='ocr_line' id='line_1_28' title="bbox 26 2254 1886 2309; baseline 0.002 -16"><span class='ocrx_word' id='word_1_232' title='bbox 26 2254 74 2294; x_wconf 83' lang='lat' dir='ltr'><strong>ln</strong></span> <span class='ocrx_word' id='word_1_233' title='bbox 107 2254 225 2293; x_wconf 89' lang='lat' dir='ltr'><strong>cuius</strong></span> <span class='ocrx_word' id='word_1_234' title='bbox 266 2255 328 2293; x_wconf 89' lang='lat' dir='ltr'><strong>rei</strong></span> <span class='ocrx_word' id='word_1_235' title='bbox 367 2255 599 2293; x_wconf 87' lang='lat' dir='ltr'><strong>memoriam</strong></span> <span class='ocrx_word' id='word_1_236' title='bbox 639 2256 931 2305; x_wconf 87' lang='lat' dir='ltr'><strong>sempiternam</strong></span> <span class='ocrx_word' id='word_1_237' title='bbox 973 2254 1082 2293; x_wconf 91' lang='lat' dir='ltr'><strong>hanc</strong></span> <span class='ocrx_word' id='word_1_238' title='bbox 1124 2254 1299 2294; x_wconf 86' lang='lat' dir='ltr'><strong>litteram</strong></span> <span class='ocrx_word' id='word_1_239' title='bbox 1340 2255 1471 2294; x_wconf 84' lang='lat' dir='ltr'><strong>nostri</strong></span> <span class='ocrx_word' id='word_1_240' title='bbox 1503 2255 1634 2309; x_wconf 84' lang='lat' dir='ltr'><strong>sigilli</strong></span> <span class='ocrx_word' id='word_1_241' title='bbox 1669 2257 1886 2296; x_wconf 88' lang='lat' dir='ltr'><strong>munimine</strong></span> 
     </span>
     <span class='ocr_line' id='line_1_29' title="bbox 27 2320 1884 2379; baseline 0.001 -18"><span class='ocrx_word' id='word_1_242' title='bbox 27 2322 330 2361; x_wconf 84' lang='lat' dir='ltr'><strong>communimus.</strong></span> <span class='ocrx_word' id='word_1_243' title='bbox 398 2322 544 2362; x_wconf 88' lang='lat' dir='ltr'><strong>Datum</strong></span> <span class='ocrx_word' id='word_1_244' title='bbox 588 2324 627 2361; x_wconf 89' lang='lat' dir='ltr'><strong>in</strong></span> <span class='ocrx_word' id='word_1_245' title='bbox 675 2323 817 2375; x_wconf 80' lang='lat' dir='ltr'><strong>Hvlin,</strong></span> <span class='ocrx_word' id='word_1_246' title='bbox 859 2334 969 2362; x_wconf 89' lang='lat' dir='ltr'><strong>anno</strong></span> <span class='ocrx_word' id='word_1_247' title='bbox 1010 2323 1157 2362; x_wconf 89' lang='lat' dir='ltr'><strong>domini</strong></span> <span class='ocrx_word' id='word_1_248' title='bbox 1197 2322 1258 2362; x_wconf 87' lang='lat' dir='ltr'><strong>M.</strong></span> <span class='ocrx_word' id='word_1_249' title='bbox 1299 2320 1387 2364; x_wconf 83' lang='lat' dir='ltr'><strong>CC.</strong></span> <span class='ocrx_word' id='word_1_250' title='bbox 1431 2324 1710 2379; x_wconf 83' lang='lat' dir='ltr'><strong>nonagesimo</strong></span> <span class='ocrx_word' id='word_1_251' title='bbox 1752 2324 1805 2364; x_wconf 87' lang='grc' dir='ltr'><strong>ΙΙ.</strong></span> <span class='ocrx_word' id='word_1_252' title='bbox 1845 2325 1884 2364; x_wconf 92' lang='lat' dir='ltr'><strong>in</strong></span> 
     </span>
     <span class='ocr_line' id='line_1_30' title="bbox 28 2389 726 2445; baseline -0.003 -15"><span class='ocrx_word' id='word_1_253' title='bbox 28 2390 97 2430; x_wconf 89' lang='lat' dir='ltr'><strong>die</strong></span> <span class='ocrx_word' id='word_1_254' title='bbox 129 2390 242 2430; x_wconf 89' lang='lat' dir='ltr'><strong>beati</strong></span> <span class='ocrx_word' id='word_1_255' title='bbox 274 2390 420 2445; x_wconf 82' lang='lat' dir='ltr'><strong>Egidii</strong></span> <span class='ocrx_word' id='word_1_256' title='bbox 454 2389 726 2430; x_wconf 84' lang='lat' dir='ltr'><strong>confessoris.</strong></span> 
     </span>
    </p>
   </div>
   <div class='ocr_carea' id='block_1_8' title="bbox 336 2489 1477 2532">
    <p class='ocr_par' dir='ltr' id='par_1_8' title="bbox 336 2489 1477 2532">
     <span class='ocr_line' id='line_1_31' title="bbox 336 2489 1477 2532; baseline 0.001 -11"><span class='ocrx_word' id='word_1_257' title='bbox 336 2489 395 2522; x_wconf 84' lang='lat' dir='ltr'><strong>Ex</strong></span> <span class='ocrx_word' id='word_1_258' title='bbox 421 2490 623 2531; x_wconf 77' lang='lat' dir='ltr'><strong>originali</strong></span> <span class='ocrx_word' id='word_1_259' title='bbox 648 2492 678 2521; x_wconf 91' lang='lat' dir='ltr'><strong>in</strong></span> <span class='ocrx_word' id='word_1_260' title='bbox 701 2490 835 2522; x_wconf 77' lang='lat' dir='ltr'><strong>archivo</strong></span> <span class='ocrx_word' id='word_1_261' title='bbox 860 2490 1136 2532; x_wconf 77' lang='lat' dir='ltr'><strong>archiepiscopali</strong></span> <span class='ocrx_word' id='word_1_262' title='bbox 1161 2489 1477 2523; x_wconf 82' lang='lat' dir='ltr'><strong>Cremsiricnsi.</strong></span> 
     </span>
    </p>
   </div>
  </div>
 </body>
</html>
