2138 2845
1021 178 1128 220 258

142 322 392 375 cancellata,
442 333 522 361 nec
568 322 608 361 in
650 321 788 374 aliqua
834 324 952 373 parte
1000 321 1064 361 sui
1104 321 1274 376 viciata,
1322 331 1404 374 que
1451 325 1596 363 vestro
1637 327 1890 368 monasterio
1929 339 2005 380 pro

139 391 276 430 salute
310 393 444 430 anime
488 402 565 431 sue
607 392 674 442 pie
708 391 939 430 dinoscitur
980 391 1224 445 contulisse,
1265 401 1435 442 quorum
1477 394 1600 431 tenor
1638 393 1690 433 de
1730 396 1922 437 mandato
1963 400 2005 437 et

139 459 356 500 voluntate
389 464 532 500 nostra
568 460 837 511 presentibus
872 460 1059 498 inclusus
1092 460 1187 498 talis
1229 464 1295 499 est
1327 459 1380 499 de
1413 460 1547 500 verbo
1589 461 1642 500 ad
1682 464 1865 504 uerbum.
1927 466 2005 515 (In

138 529 305 567 nomine
337 532 410 567 ele.
458 529 565 568 Aeta
605 530 647 567 in
688 529 883 575 Brmma,
924 539 1035 566 anno
1073 528 1218 567 1280.
1258 529 1303 568 z'n
1342 528 1410 568 die
1441 532 1685 570 sanctorum
1729 531 1937 573 Processi
1968 536 2009 573 et

137 597 404 637 ch11·le'nz‘ani,
445 597 549 637 ride
580 609 619 635 η.
648 597 823 637 CLXX
830 596 898 635 ΓΙ.
932 619 988 623 —
1023 599 1088 635 et.-
1129 597 1182 635 In
1204 598 1372 636 nomine
1397 597 1556 637 domini
1579 601 1652 638 etc.
1692 600 1794 639 Dat.
1826 601 2006 642 Brunne

142 664 286 704 1281.
304 665 384 704 XI.
399 665 499 706 Kal.
513 664 784 716 Septembris.
811 664 914 704 I'e'de
931 676 971 703 n.
991 663 1337 714 CLXXXVII.)
1371 667 1459 705 Has
1477 667 1608 720 igitur
1624 668 1716 718 pias
1733 667 2004 724 donaciones,

139 745 218 772 sev
258 734 526 786 collaciones,
570 734 789 784 presertim
831 733 882 771 de
926 734 1015 772 iure
1062 738 1306 785 patronatus
1347 735 1532 774 ecclesie
1574 735 1627 775 de
1667 735 1924 789 Sbizowich,
1963 738 2005 777 in

141 807 323 841 vestrum
359 802 648 841 monasterium
692 802 1017 842 translacionem
1049 802 1169 842 saluo
1209 803 1302 842 iure
1343 802 1584 854 dyocesano
1625 808 1666 844 et
1706 805 2005 846 archidiacono

139 872 361 922 pertinenti
397 882 447 910 ac
473 871 642 910 aliorum
678 871 942 924 prelatorum,
968 871 1198 914 secundum
1231 873 1295 912 ius
1321 875 1363 911 et
1388 873 1729 913 consuetudinem
1756 874 2003 915 laudabilem

139 940 343 979 hactenus
384 940 662 993 obseruatam,
705 940 954 979 auctoritate
1003 939 1215 979 ordinaria
1261 939 1559 995 confirmamus,
1602 943 1886 994 precipientes
1924 943 2003 983 sub

140 1020 246 1060 pena
281 1009 571 1062 anathematis,
617 1020 669 1048 ne
703 1009 795 1060 quis
840 1020 915 1048 eas
951 1007 1190 1063 infringere
1233 1009 1399 1063 audeat,
1435 1010 1502 1053 vel
1543 1011 1605 1050 eis
1639 1022 1747 1050 ausv
1780 1013 2003 1052 temerarie

140 1079 362 1117 contraire.
427 1079 473 1117 In
514 1079 631 1117 cuius
672 1076 1002 1117 confirmacionis
1048 1080 1322 1118 testimonium
1363 1082 1599 1130 presentem
1642 1080 1842 1133 paginam
1880 1080 2004 1121 vohis

141 1148 427 1186 concessimus
462 1148 591 1186 nostri
620 1147 751 1201 sigilli
786 1148 1004 1187 munimine
1030 1147 1281 1188 roboratam.
1330 1148 1482 1187 Datum
1509 1148 1616 1199 apud
1650 1149 1860 1203 Modrich,
1893 1161 2003 1189 anno

141 1215 289 1254 domini
322 1216 383 1255 M.
419 1214 507 1256 CC.
543 1216 747 1256 LXXXI.
812 1217 953 1256 XIIII.
986 1217 1205 1257 Kalendas
1240 1216 1450 1257 Octobris.
1490 1217 1721 1259 Indictione
1754 1218 1831 1258 IX.
1863 1218 2004 1271 ponti-

142 1281 287 1323 ficatus
321 1286 452 1324 nostri
487 1297 597 1324 anno
631 1286 771 1336 primo.

448 1383 502 1417 Ex
526 1383 722 1426 originali
749 1382 931 1424 ejusdem
955 1385 1142 1417 monasterii
1165 1393 1236 1416 cum
1259 1384 1368 1427 sigillo
1392 1384 1516 1418 illaeso.

973 1551 1172 1594 CXCIII.

137 1655 255 1695 Idem
274 1655 495 1708 confirmat
516 1654 647 1694 eidem
662 1656 916 1694 monasterio
938 1656 1163 1707 privileyia
1189 1667 1316 1707 snper
1328 1656 1408 1707 jus
1430 1657 1677 1707 patronatus
1703 1656 2002 1695 nonnullarum

238 1725 527 1763 ecclesiarum.
585 1725 657 1763 ΠΙ.
692 1723 808 1776 apud
838 1724 1046 1776 Medi-tce,
1081 1725 1205 1765 XII'.
1239 1723 1465 1764 Kalendas
1500 1723 1706 1776 Octobris,
1747 1723 1897 1765 1281.

285 1818 600 1878 Theodericus
634 1835 700 1874 dei
733 1837 885 1889 gracia
920 1836 1209 1875 Olomucensis
1243 1839 1483 1886 episcopus.
1537 1836 1715 1877 Dilectis
1749 1836 1789 1874 in
1824 1834 1995 1875 Christo

179 1934 189 1944 .
222 1905 439 1944 abbatisse
474 1909 516 1944 et
548 1906 770 1944 conuentni
797 1905 1164 1944 sanctimonialium
1190 1906 1229 1943 in
1260 1905 1466 1954 Oslauan,
1492 1902 1809 1955 cysterciensis
1843 1904 2001 1943 ordinis

136 1974 309 2012 salutem
344 1978 385 2012 et
418 1975 626 2013 sinceram
661 1975 700 2013 in
734 1973 895 2013 domino
929 1975 1159 2013 caritatem.
1213 1974 1418 2012 Porrecta
1453 1973 1572 2012 nobis
1607 1985 1683 2024 per
1715 1973 2001 2012 honorabilem

135 2044 263 2080 uirum
306 2043 507 2081 dominum
556 2042 881 2093 U'ysundonem
926 2044 1177 2094 prepositum
1226 2047 1422 2095 vestrum,
1468 2043 1619 2093 peticio
1663 2041 1917 2094 continebat,
1957 2044 2002 2081 vt

137 2111 225 2148 iura
264 2116 521 2164 patronatus,
566 2112 604 2150 in
646 2114 934 2150 monasterium
970 2117 1153 2150 vestrum
1194 2112 1260 2162 pie
1294 2111 1513 2163 translata,
1554 2111 1606 2149 de
1647 2111 1795 2162 quibus
1837 2113 2000 2160 poterat

139 2190 216 2229 per
251 2180 472 2232 priuilegia
502 2180 824 2230 predecessoris
849 2182 978 2219 nostri
1003 2185 1215 2234 constare,
1240 2178 1484 2218 confirmare
1511 2180 1760 2218 auctoritate
1787 2179 1999 2218 ordinaria

137 2248 214 2287 sub
262 2253 404 2286 nostro
444 2249 587 2301 sigillo
638 2249 689 2288 de
732 2250 998 2303 benignitate
1045 2249 1166 2289 solita
1218 2260 1472 2288 curaremus.
1537 2246 1639 2288 Cum
1689 2248 1821 2301 igitur
1868 2248 1998 2286 instas

140 2317 361 2367 petitiones
396 2319 618 2356 conueniat
651 2318 857 2356 exaudiri.
922 2319 1055 2357 Nobis
1090 2318 1313 2371 priuilegia
1347 2321 1488 2356 uestra
1523 2316 1709 2355 exhibita
1743 2316 1821 2354 suh
1854 2314 1997 2368 sigillo

143 2385 462 2436 predecessoris
497 2386 643 2438 nostri,
678 2386 826 2425 domini
870 2387 1093 2428 Brunom's
1127 2386 1415 2426 olomucensis
1450 2386 1649 2436 Episcopi
1690 2385 1757 2436 pie
1790 2383 1996 2435 memorie,

141 2454 229 2508 legi
279 2452 449 2492 fecimus
499 2458 539 2492 et
582 2454 727 2503 inspici
772 2455 1017 2509 diligenter,
1061 2466 1142 2506 que
1183 2455 1383 2507 siquidem
1425 2466 1505 2493 non
1548 2457 1668 2492 erant
1705 2451 1872 2503 abolita,
1915 2462 1995 2490 non

138 2522 384 2575 cancellata,
420 2533 497 2560 nec
539 2522 577 2560 in
612 2527 730 2572 parte
772 2525 836 2561 sui
872 2524 1008 2575 aliqua
1049 2523 1215 2563 uiolata.
1281 2524 1348 2563 Ex
1381 2535 1550 2574 quorum
1585 2532 1667 2560 vno
1700 2518 1995 2572 colligebatur,

138 2596 179 2632 et
221 2592 320 2632 sciri
360 2595 526 2643 poterat
573 2590 806 2645 euidenter,
854 2592 959 2644 quod
1002 2590 1136 2631 felicis
1185 2592 1500 2632 recordacionis
1548 2589 1733 2629 dominus
1782 2588 1997 2627 Rubertus
