2138 2845
1064 170 1172 211 324

182 318 344 357 habens
378 316 440 356 ius
474 316 719 367 patronatus
752 313 1008 354 hereditario
1042 314 1131 353 iure
1165 313 1205 352 in
1238 313 1331 364 ipsa
1357 313 1543 353 ecclesia
1576 317 1619 354 et
1650 315 1692 355 in
1724 317 1815 357 eius
1848 318 2040 358 existens

181 387 302 437 quasi
335 385 612 435 possessione
651 380 827 435 pacifica
867 386 910 423 et
951 383 1091 434 quieta
1126 393 1201 433 pro
1235 381 1417 422 remedio
1459 382 1594 422 anime
1627 394 1718 423 mee
1750 389 1792 425 et
1823 390 2041 437 parentum

177 465 359 494 meorum
400 453 453 493 ad
494 453 693 493 honorem
733 452 802 492 dei
841 455 883 492 et
917 452 1040 491 beate
1082 450 1320 490 Katherine
1363 450 1548 504 virginis
1589 450 1642 490 de
1681 453 1810 503 tytulo
1851 455 2040 508 gratuite

179 522 424 563 donacionis
466 533 584 576 pure,
623 522 756 561 libere
797 523 839 560 et
878 519 1120 570 simpliciter
1159 521 1201 558 et
1239 519 1576 559 irreuocabiliter
1618 520 1728 560 inter
1760 521 1881 561 viuos
1913 522 1965 562 do
1998 527 2040 563 et

180 590 289 631 dono
323 594 364 631 et
396 589 607 631 transfero
641 591 705 630 ius
738 592 984 640 patronatus
1017 599 1108 627 cum
1141 588 1246 627 omni
1285 587 1446 627 honore
1480 590 1655 638 patrono
1689 588 1828 628 debito
1861 592 1904 629 et
1936 592 2040 630 omni

176 661 267 701 iure
299 661 551 700 monasterio
584 663 732 699 sancte
765 656 1003 697 Katherine
1035 655 1088 696 de
1125 656 1373 707 Olomumz,
1397 656 1556 695 ordinis
1590 656 1910 711 predicatorum,
1935 669 2039 698 con-

175 727 321 769 ferens
353 732 395 768 et
426 728 614 768 tribuens
645 738 697 766 ac
730 727 944 767 remittens
977 725 1129 765 dilecte
1163 723 1244 765 filie
1277 735 1368 765 mee
1408 726 1544 765 sorori
1578 725 1721 777 Amce,
1756 727 1961 778 priorisse
1993 729 2037 767 et

175 797 398 837 conuentui
432 795 608 847 predicti
635 795 877 836 monasterii
909 799 1059 835 sancte
1082 794 1334 848 Katherine‚
1361 806 1435 846 pro
1459 805 1508 834 se
1542 798 1583 834 et
1604 795 1686 834 sibi
1712 795 2041 836 succedentibus

174 866 477 917 recipientibus
511 876 630 906 omne
663 866 727 904 ius
754 863 1028 916 presentandi
1053 863 1233 903 clerIcos
1267 866 1309 903 et
1333 868 1524 904 rectores
1557 863 1599 903 in
1632 863 1820 915 predicta
1853 863 2041 904 ecclesia

174 936 311 975 sancti
343 934 625 974 Bartholomei
665 934 706 973 in
738 933 917 973 Wazan
955 936 998 973 et
1037 932 1231 984 quicquid
1272 933 1373 972 iuris
1415 932 1484 972 uel
1522 932 1694 972 honoris
1727 933 1768 972 in
1802 943 1853 973 ea
1885 932 2039 987 habeo,

172 1004 242 1044 uel
282 1004 361 1043 mei
400 1007 703 1043 antecessores
743 1002 993 1056 habuerunt7
1035 1002 1277 1053 promittens
1321 1013 1396 1052 per
1435 1012 1498 1041 me
1541 1004 1583 1040 et
1625 1012 1739 1040 meos
1778 1000 1964 1040 heredes
1996 1002 2039 1040 in

173 1076 418 1123 perpetuum
450 1072 559 1112 hanc
593 1071 878 1125 donacionem7
904 1071 1222 1110 concessionem
1256 1073 1297 1110 et
1320 1070 1640 1110 translacionem
1668 1067 1818 1108 firmam
1845 1072 1886 1109 et
1909 1073 2039 1109 ratam

172 1141 334 1181 habere
367 1145 409 1181 et
440 1144 603 1196 tenere7
637 1144 680 1180 et
711 1152 793 1180 non
827 1137 1121 1179 contrafacere
1154 1139 1222 1178 uel
1246 1139 1393 1178 uenire
1426 1139 1564 1190 aliqua
1598 1138 1772 1177 racione
1805 1137 1872 1177 uel
1906 1148 2039 1177 causa

174 1209 227 1249 de
259 1210 349 1250 iure
382 1211 451 1250 uel
483 1210 536 1250 de
568 1208 680 1250 facto
713 1209 791 1249 sub
825 1209 1099 1262 obligacione
1142 1208 1314 1247 omnium
1348 1208 1549 1247 bonorum
1581 1218 1775 1247 meorum.
1837 1207 1887 1246 In
1919 1206 2039 1246 cuius

173 1280 237 1318 rei
269 1280 543 1318 testimonium
584 1281 808 1330 presentes
848 1278 1013 1317 litteras
1052 1275 1134 1316 feci
1167 1277 1312 1331 sigillo
1346 1276 1442 1316 dicti
1485 1275 1688 1328 quondam
1721 1276 1798 1314 uiri
1832 1276 1924 1328 mei7
1957 1285 2038 1327 quo

173 1350 266 1387 vtor
299 1350 342 1387 vt
375 1349 556 1401 proprio,
590 1350 632 1387 et
664 1345 773 1386 infra
806 1347 1055 1397 scriptorum
1087 1347 1251 1385 testium
1282 1344 1663 1396 subscriptionibus
1697 1344 1905 1384 roborari.

486 1446 539 1478 Ex
563 1445 768 1488 originali
793 1446 824 1477 in
847 1443 983 1476 archivo
1007 1443 1046 1477 S.
1068 1443 1101 1476 J.
1126 1444 1374 1476 Brunensis.

959 1608 1244 1651 CCXLVIII.

172 1715 474 1766 Theodericus,
514 1716 737 1767 episcopus
772 1714 1080 1764 olomucensis,
1120 1713 1258 1764 Ieyato
1290 1713 1522 1766 apostolico
1560 1712 1612 1752 de
1640 1712 1768 1764 plena
1800 1712 2036 1751 eac-emtione

228 1785 473 1825 monialium
507 1783 652 1825 Cellae
683 1785 855 1823 sanctae
886 1783 1058 1822 Mariae
1090 1782 1268 1821 Brunac
1299 1781 1456 1822 scribit.
1506 1783 1578 1821 ΠΙ.
1613 1782 1802 1831 Bmmae,
1833 1779 1974 1832 pridie

831 1851 936 1892 Idus
969 1851 1187 1902 danum-ii,
1227 1850 1380 1892 1287.

315 1946 585 2007 Venerabili
625 1965 666 2003 in
707 1963 866 2003 christo
906 1963 1012 2014 patri
1063 1965 1104 2001 et
1146 1960 1307 2000 domino
1350 1972 1440 2014 suo,
1481 1960 1642 2000 domino
1689 1961 1737 2014 L,
1778 1959 1846 1998 dei
1887 1959 2031 2013 gratia

170 2035 370 2085 episcopo
395 2034 652 2086 Tusculano,
681 2033 913 2084 apostolice
940 2031 1057 2071 sedis
1079 2031 1239 2084 legato,
1265 2029 1635 2082 'l'li.(eodericus]7
1661 2028 1728 2068 dei
1761 2029 2030 2068 miseratione

169 2102 308 2141 diuina
357 2104 581 2154 episcopus
633 2101 923 2142 olomucensis
969 2111 1018 2139 se
1066 2100 1199 2150 ipsum
1247 2109 1337 2137 cum
1387 2097 1705 2149 promptitudine
1754 2095 2029 2149 obsequendi.

167 2170 370 2220 Receptis
405 2172 667 2222 paternitatis
702 2174 848 2210 vestre
886 2169 1035 2209 litteris
1078 2179 1208 2219 super
1240 2167 1442 2206 soluenda
1483 2178 1651 2206 camere
1685 2169 1830 2205 vestre
1863 2165 1917 2205 ad
1949 2175 2030 2204 ex-

167 2250 325 2291 pensas
359 2239 648 2279 dominationis
683 2243 829 2279 vestre
851 2241 970 2278 certa
1004 2249 1235 2277 marcarum
1261 2237 1490 2288 quantitate
1524 2247 1549 2274 a
1582 2235 1702 2275 nobis
1736 2238 1778 2274 et
1811 2233 2030 2288 religiosis

167 2307 372 2358 exemptis
406 2311 448 2346 et
479 2320 560 2347 non
595 2309 801 2359 exemptis
836 2311 877 2346 et
910 2307 1110 2345 vniuerso
1145 2306 1260 2345 clero
1294 2309 1438 2345 nostre
1472 2304 1671 2356 dyocesis
1703 2306 1821 2342 certo
1854 2301 2028 2342 termino

167 2375 462 2429 persoluenda,
505 2380 546 2415 et
585 2377 775 2426 imposita
815 2375 868 2415 de
911 2375 1022 2414 dicta
1065 2386 1220 2414 summa
1259 2384 1399 2413 marca
1440 2385 1524 2412 vna
1568 2373 1657 2423 puri
1699 2371 1870 2425 argenti
1911 2368 2029 2409 Gella

166 2448 310 2486 sancte
340 2445 483 2485 Mar-ie
514 2445 558 2483 in
591 2444 771 2483 Brunna
811 2445 1030 2483 sororibus
1069 2443 1228 2484 ordinis
1270 2441 1439 2482 fratrum
1479 2441 1799 2493 predicatorum,
1841 2437 2027 2476 accessit

166 2514 219 2554 ad
253 2514 506 2565 presentiam
539 2517 720 2552 nostram
753 2513 938 2552 sindicus
974 2517 1015 2553 et
1047 2516 1297 2564 procurator
1329 2512 1525 2564 ipsarum,
1565 2513 1607 2550 et
1639 2507 1843 2560 quandam
1876 2504 2025 2556 appel-

166 2582 360 2623 lationem
400 2583 441 2622 in
481 2581 649 2633 scriptis
693 2583 905 2632 proposuit
945 2583 986 2621 in
1026 2582 1135 2621 hunc
1175 2581 1353 2621 modum:
1403 2577 1555 2620 Coram
1606 2577 1725 2617 vobis
1766 2573 2024 2614 venerabilis
