2138 2845
956 196 1060 238 385

76 349 199 379 unam
231 338 443 390 scapulam
476 338 624 378 bonam
664 339 705 378 in
736 336 845 378 festo
878 339 1063 394 Pascite,
1103 343 1146 379 et
1185 340 1361 390 quatuor
1399 349 1553 378 caseos
1592 339 1634 378 in
1665 337 1937 395 Pentecoste,

78 411 256 460 quatuor
287 408 422 459 pullos
455 407 497 446 in
527 405 636 447 sesto
662 407 900 462 Michaelis,
933 419 1015 460 que
1048 409 1181 447 omnia
1215 407 1336 447 nobis
1369 406 1496 446 iudex
1527 406 1636 446 idem
1668 410 1739 447 aut
1770 410 1938 448 nuntius

77 489 180 517 suus
212 478 253 516 in
286 477 539 516 monasterio
579 477 855 527 presentabit.
916 477 1018 516 Item
1058 476 1229 528 quilibet
1267 475 1416 515 laneus
1456 476 1651 530 ciuitatis,
1683 476 1863 516 taberna
1896 479 1939 517 et

78 546 251 597 quilibet
282 543 435 584 artifex
467 544 582 584 dabit
605 555 685 584 sex
709 545 906 585 denarios
933 545 1157 584 decimales
1191 546 1391 595 episcopo
1423 545 1464 584 in
1497 542 1606 584 festo
1639 545 1824 599 Martini,
1857 556 1939 585 sex

79 614 278 653 denarios
318 613 370 652 ad
405 617 570 664 pontem
611 614 653 652 in
686 613 868 652 Prerow
909 614 949 652 in
989 613 1296 667 rogationibuS,
1336 616 1378 653 et
1410 612 1581 664 quilibet
1612 613 1767 653 subses
1800 625 1938 668 agros

78 693 160 722 non
201 681 365 721 habens
404 681 511 720 duos
553 681 751 721 denarios
794 681 908 721 dabit
947 683 1162 736 episcopo,
1201 685 1243 722 et
1282 682 1386 721 duos
1427 681 1479 720 ad
1523 685 1685 732 pontem
1725 683 1767 721 in
1815 683 1938 723 dictis

77 750 279 803 terminis,
312 750 353 789 in
387 749 537 801 quibus
571 750 735 805 nullam,
778 754 820 790 et
858 752 898 790 in
938 751 1116 790 collecta
1156 751 1293 805 regis,
1333 750 1369 790 si
1403 753 1612 804 occurret,
1651 750 1799 790 nullam
1832 762 1939 791 con-

78 818 262 859 cedimus
294 817 540 858 libertatem.
588 819 644 858 Et
676 820 713 858 si
746 831 895 874 regem
929 820 996 859 uel
1029 821 1223 874 reginam
1256 820 1311 859 ibi
1343 819 1525 859 transire
1557 820 1802 874 contigerit,
1836 820 1939 871 ipsis

77 887 240 927 ciuibus
281 887 322 926 in
363 888 565 937 expensis
608 890 694 926 tota
733 888 901 927 abbatia
949 889 1217 928 contribuere
1256 892 1464 941 teneatur,
1511 899 1600 928 cum
1641 892 1684 929 et
1724 889 1804 940 ipsi
1846 890 1938 928 aliis

77 957 234 996 nostris
267 955 498 995 hominibus
532 956 614 995 sint
646 956 698 995 ad
732 957 879 996 similia
912 957 1102 1011 obligati.
1159 958 1360 997 Volumus
1393 958 1528 1010 etiam,
1560 960 1603 997 ut
1634 969 1726 1012 nos,
1759 969 1849 998 cum
1882 959 1939 998 ibi

79 1025 332 1078 uenerimus,
365 1027 408 1064 et
434 1025 635 1064 notarium
668 1035 758 1064 cum
784 1025 877 1064 aliis
911 1027 1062 1065 nuntiis
1089 1027 1244 1066 nostris
1268 1030 1454 1078 tempore
1478 1037 1634 1066 census
1667 1027 1708 1066 in
1735 1028 1939 1079 expensis

76 1097 316 1144 procurent.
381 1093 481 1132 Item
530 1093 776 1147 inhibemus,
824 1104 878 1133 ne
917 1094 1067 1146 aliquis
1115 1095 1331 1135 tabernam
1379 1093 1487 1135 insra
1534 1095 1706 1135 milliare
1754 1096 1806 1136 ad
1847 1107 1939 1136 eam

78 1163 286 1202 ciuitatem
319 1162 489 1216 habeat,
513 1163 592 1202 nisi
626 1162 679 1202 de
712 1173 894 1202 assensu
922 1165 1070 1203 ciuium
1102 1164 1290 1218 speciali,
1323 1167 1366 1204 et
1393 1163 1500 1204 infra
1533 1165 1706 1204 milliare
1738 1167 1778 1204 in
1806 1165 1939 1220 siluis,

79 1231 210 1282 pratis
243 1231 428 1270 ecclesie
461 1231 646 1271 habeant
680 1236 940 1283 potestatem.
1005 1233 1208 1272 Volumus
1241 1234 1377 1286 etiam,
1415 1236 1460 1272 ut
1491 1232 1597 1272 idem
1631 1231 1840 1273 Gerlacus
1873 1236 1939 1273 iu-

79 1299 226 1338 dicium
268 1311 398 1352 suum,
443 1303 562 1351 prout
601 1301 803 1355 possidet,
848 1301 1040 1341 vendere
1082 1302 1150 1341 vel
1199 1306 1449 1341 commutare
1489 1302 1631 1342 valeat
1672 1300 1752 1342 fide
1792 1302 1939 1356 digno.

77 1367 237 1406 Damus
271 1367 405 1406 eidem
440 1366 624 1407 Gerlaco
656 1369 698 1407 in
731 1370 943 1408 vniuersis
975 1370 1085 1408 uillis
1120 1370 1305 1409 eiusdem
1339 1371 1568 1424 prouincie,
1602 1381 1683 1422 que
1715 1371 1937 1411 teutonicis

77 1435 215 1475 locate
247 1433 415 1488 fuerint,
455 1434 508 1475 de
549 1435 711 1476 duobus
752 1437 953 1492 denariis,
994 1439 1062 1490 qui
1104 1450 1182 1478 nos
1221 1439 1263 1478 in
1304 1438 1437 1489 culpis
1476 1439 1743 1493 contingunt,
1776 1441 1941 1479 tertium

78 1503 305 1543 denarium.
343 1503 496 1543 Liceat
528 1505 650 1544 etiam
683 1505 764 1544 sihi
797 1509 863 1545 ter
895 1507 934 1545 in
969 1518 1078 1546 anno
1113 1508 1153 1545 in
1186 1506 1343 1546 eisdem
1375 1508 1485 1547 uillis
1518 1507 1670 1548 iudicio
1704 1508 1938 1563 presidere,

78 1572 186 1624 quod
219 1572 368 1612 iustum
401 1570 539 1626 suerit,
572 1572 855 1614 decernendo.
903 1575 973 1614 Ad
1008 1580 1250 1626 perpetuam
1274 1576 1407 1628 igitur
1439 1575 1673 1615 habendam
1705 1577 1940 1616 memoriam

79 1645 301 1692 presentes
334 1641 497 1680 litteras
529 1641 685 1694 sigillis
718 1643 875 1682 nostris
906 1641 1079 1682 fecimus
1114 1644 1318 1683 roborari.
1359 1644 1508 1683 Actum
1539 1645 1581 1684 in
1615 1644 1798 1699 Olmch,
1831 1656 1940 1686 anno

79 1709 228 1749 domini
261 1709 322 1749 Μ.
356 1707 445 1750 00.
478 1708 708 1749 Lxxxx.
741 1710 946 1752 dominica
978 1712 1284 1752 Remin1scere.

390 1808 444 1840 Ex
468 1807 698 1841 Annalibus
721 1808 832 1842 MSS.
857 1808 1043 1851 ejusdem
1068 1812 1254 1843 monasterii
1277 1811 1412 1852 saepius
1437 1810 1555 1844 allatis.

917 1974 1112 2018 000111.

87 2077 376 2128 Weneeslctus,
399 2088 482 2116 rea:
505 2077 708 2117 Boemiae
731 2081 771 2117 et
793 2078 984 2118 marchio
1012 2080 1249 2131 Morsu-iae,
1267 2079 1427 2119 cit-ibus
1447 2080 1742 2120 Brunensibus
1767 2081 1941 2122 liberam

79 2147 301 2186 consulum
340 2147 593 2196 electionem,
643 2148 682 2184 et
719 2148 994 2187 exemtionem
1042 2160 1066 2187 a
1102 2147 1273 2200 judicio
1313 2152 1451 2188 terrae
1489 2149 1691 2202 coneedit,
1732 2153 1852 2202 atque
1890 2150 1943 2191 de

80 2215 254 2254 collecta
294 2215 600 2265 coronationis,
650 2214 701 2253 de
742 2214 888 2254 debitis
929 2219 967 2255 et
1004 2215 1193 2255 domibus
1233 2215 1454 2268 nobilium,
1497 2217 1549 2256 de
1587 2221 1774 2258 mereatu
1814 2222 1853 2258 et
1889 2219 1941 2259 de

111 2282 339 2321 detentione
369 2281 634 2334 praedonum
666 2283 710 2322 in
743 2284 907 2322 eit-itate
939 2283 1117 2323 ordinat.
1160 2285 1232 2324 m.
1260 2285 1452 2337 Brunae,
1488 2286 1573 2325 ΙΙΙ.
1607 2286 1712 2326 Idus
1744 2289 1907 2339 Martii,

937 2352 1088 2392 1292.

188 2441 537 2515 Weneezlaus,
570 2460 637 2501 dei
672 2462 826 2516 gracia
859 2474 936 2502 rex
976 2463 1190 2518 Bohemie,
1231 2465 1317 2505 dux
1349 2463 1560 2507 Cracouie
1598 2470 1640 2507 et
1672 2466 1937 2509 Sandoniirie

79 2529 348 2582 marchioque
380 2530 588 2570 Mol-auie.
650 2531 767 2571 Inter
805 2532 997 2586 gloriosa
1039 2534 1204 2588 regalis
1244 2536 1507 2576 excellencie
1547 2536 1683 2576 studia
1722 2538 1764 2574 et
1803 2535 1937 2589 (ligna

79 2599 290 2652 preconiis
315 2610 445 2650 opera
473 2599 568 2638 illud
602 2599 721 2640 nobis
748 2600 800 2640 ad
827 2598 1003 2656 fastigia
1035 2602 1176 2656 glorie
1203 2607 1348 2646 nostre
1379 2605 1591 2646 accedere
1624 2616 1705 2643 non
1739 2605 1935 2644 modicum

1660 2671 1728 2711 49
