2138 2845
1023 193 1092 232 64

123 336 189 386 pia
223 334 486 374 solicitudine
521 334 740 374 intendere
774 336 1005 387 cupientes,
1040 334 1176 387 decet,
1210 338 1253 374 ut
1286 334 1474 385 predicte
1509 334 1670 374 domine
1703 345 1784 386 que
1810 335 1904 374 Deo
1939 337 1979 375 in

123 404 269 443 eodem
310 404 377 443 die
411 415 461 442 ac
496 407 617 442 nocte
658 403 903 442 desei-uiant
942 406 1207 457 monasterio,
1248 415 1312 456 eo,
1348 404 1456 455 quod
1496 405 1574 443 sibi
1610 415 1689 443 non
1724 409 1898 455 possunt
1930 404 1981 444 ob

123 485 255 512 sexus
289 471 559 527 fragilitatem
592 473 701 511 bene
736 473 974 526 prouidere,
1009 478 1215 524 ‹platenns
1250 473 1392 524 amplis
1433 477 1720 512 sustententur
1754 472 1983 527 beneficiis,

122 546 167 581 ut
199 542 260 580 sic
305 543 464 592 possint
505 541 678 580 liberius
719 542 866 580 domini
904 542 997 593 Dei,
1041 543 1103 580 sui
1145 542 1373 580 conditoris
1408 553 1564 581 vacare
1604 542 1811 580 seruiciis.
1878 541 1986 581 Hinc

123 614 189 649 est
222 611 367 662 eciam,
402 610 510 661 quod
545 621 702 648 omnem
737 610 984 661 libertatem,
1020 621 1138 660 quam
1174 614 1292 661 pater
1327 616 1484 664 noster,
1529 611 1595 650 vir
1628 621 1784 663 magne
1819 611 1987 650 virtutis

125 682 167 718 et
200 676 318 729 same,
353 680 420 729 qui
455 678 506 716 ob
534 678 780 728 probitatem
815 689 928 716 suam
954 678 993 715 in
1027 682 1111 716 toto
1137 679 1238 718 orbe
1273 680 1434 733 claruit,
1467 691 1544 718 sua
1572 680 1822 718 auctoritate
1857 679 1990 718 eidem

125 747 307 786 claustro
341 746 525 798 contulit,
567 750 709 784 nostra
742 746 853 784 bona
894 749 935 785 et
968 756 1082 784 mera
1117 747 1329 786 voluntate
1371 751 1500 786 ratam
1533 748 1733 787 habemus
1767 751 1809 788 et
1842 749 1991 787 incon-

126 827 308 867 cussam,
351 819 392 853 et
438 824 699 852 conseruare
748 815 935 853 uolumus
986 815 1238 853 inuiolatam.
1303 816 1398 854 Hee
1447 820 1543 855 sunt
1590 821 1724 855 autem
1773 817 1992 856 libertates

125 884 298 922 claustri
323 884 519 933 superius
541 882 760 935 sepedicti,
781 883 888 934 quod
920 894 1063 921 omnes
1084 884 1378 932 possessiones
1404 885 1481 923 iam
1505 885 1684 938 habitas,
1704 889 1745 924 et
1770 885 1991 924 habendas

124 952 165 991 in
207 952 406 990 Mon-avia
446 952 709 1004 constitutas,
752 963 842 990 cum
885 952 971 990 suis
1013 951 1245 990 hominibus
1286 952 1339 990 ab
1380 954 1487 991 omni
1526 964 1694 1006 genere
1734 954 1992 1007 tributorum,

125 1020 413 1074 vectigalium,
439 1020 719 1074 collectarum,
753 1021 1008 1071 aliarumque
1034 1021 1207 1059 omnium
1241 1021 1504 1060 exactionum
1535 1025 1577 1060 et
1610 1034 1634 1060 a
1660 1022 1847 1074 Narocb,
1881 1021 1990 1073 quod

127 1094 305 1129 vocatur
338 1091 552 1128 accusatio
587 1094 628 1128 et
660 1102 684 1128 a
717 1090 877 1129 iuribus
904 1090 1108 1143 montium,
1143 1100 1223 1141 que
1258 1090 1498 1144 vulgariter
1522 1090 1641 1140 Bery
1674 1089 1812 1130 Reclat
1843 1090 1992 1140 appel-

126 1158 263 1197 lantur
297 1161 338 1197 et
367 1158 420 1197 ab
455 1159 560 1197 omni
590 1159 817 1198 vexatione
841 1159 1039 1198 tbeolonii
1065 1169 1162 1197 esse
1191 1158 1452 1198 deci-enimus
1486 1158 1718 1212 absolutas,
1743 1158 1993 1212 adicientes,

129 1230 172 1266 ut
210 1226 345 1265 nullus
385 1238 460 1276 pro
510 1230 742 1265 castrorum
790 1225 1053 1266 edificatione
1093 1228 1160 1266 uel
1206 1226 1534 1281 reedificatione,
1582 1239 1658 1267 seu
1703 1229 1743 1266 in
1792 1228 1995 1267 vallorum

129 1293 344 1348 effusione,
378 1295 471 1334 siue
505 1307 580 1346 pro
613 1296 749 1347 aliqua
784 1296 1001 1349 ingruenti
1037 1296 1307 1346 expeditione
1341 1296 1528 1335 homines
1567 1297 1806 1335 monasterii
1840 1297 1996 1336 audeat

128 1364 376 1415 inquietare.
416 1365 486 1403 Ius
521 1365 655 1418 etiam,
683 1364 791 1415 quod
826 1365 947 1404 datur
976 1376 1049 1415 pro
1084 1366 1235 1418 capite,
1260 1366 1352 1404 siue
1386 1377 1458 1416 pro
1493 1363 1600 1418 fure,
1632 1366 1722 1404 siue
1758 1377 1830 1416 pro
1857 1364 1993 1404 Zwod

129 1433 305 1484 principi
334 1432 400 1471 uel
425 1433 515 1472 eius
542 1431 858 1487 inbeneficiatis,
879 1434 1130 1473 monasterio
1157 1438 1458 1484 prememorato
1480 1437 1680 1484 perpetuo
1709 1435 1996 1473 concessimus

130 1501 409 1541 obtinendum.
473 1502 567 1541 Hoc
599 1506 834 1541 statuentes
876 1502 927 1541 de
962 1500 1067 1555 sure,
1109 1503 1144 1540 si
1179 1503 1219 1540 in
1252 1503 1503 1541 monasterio
1546 1500 1670 1541 fuerit
1702 1502 1996 1553 deprehensus

130 1582 304 1609 manens
345 1571 386 1609 in
428 1570 584 1621 prediis
625 1572 878 1624 monasterii,
918 1572 1010 1610 siue
1046 1571 1228 1622 rapiatur
1269 1574 1310 1610 et
1343 1582 1483 1609 coram
1524 1570 1674 1610 iudicio
1708 1571 1995 1622 conuincatur,

130 1642 336 1691 quatenus
362 1639 452 1678 eius
478 1639 587 1678 bona
607 1641 858 1679 monasterio
885 1644 1141 1692 remaneant,
1164 1640 1253 1690 ipse
1281 1651 1382 1678 vero
1404 1639 1632 1678 secundum
1659 1639 1766 1691 quod
1794 1639 1998 1690 placuerit

130 1708 320 1760 principi,
362 1708 567 1758 puniatur.
631 1708 679 1749 Si
727 1721 830 1748 vero
874 1709 1061 1749 homines
1110 1709 1351 1748 monasterii
1401 1720 1539 1748 coram
1581 1709 1734 1748 iudicio
1776 1709 1816 1748 in
1859 1708 1996 1759 aliquo

132 1777 364 1826 culpabiles
398 1777 677 1831 inueniantur,
719 1790 797 1817 nec
832 1779 966 1831 nobis,
1001 1789 1079 1816 nec
1122 1777 1326 1816 iudicibus
1362 1779 1516 1816 nostris
1550 1778 1618 1816 uel
1654 1777 1880 1816 curialibus
1920 1787 1998 1816 seu

130 1844 437 1884 inbeneficiatis
478 1846 631 1897 aliquid
665 1847 760 1886 inde
803 1847 1021 1898 proueniat
1055 1847 1254 1899 utilitatis,
1287 1847 1362 1886 sed
1403 1846 1510 1897 apud
1545 1847 1837 1885 monasterium
1877 1845 1998 1896 culpe

133 1918 384 1964 perseueret
409 1913 660 1969 satisfactio,
685 1916 763 1954 nisi
791 1916 831 1954 in
856 1927 935 1967 quo
961 1920 1127 1955 tenetur
1154 1914 1407 1955 satisfacere
1428 1915 1689 1955 aduersario.
1722 1915 1999 1954 Prohibemus

135 1983 319 2035 insuper,
363 1984 471 2023 sicut
514 1984 703 2024 decreuit
744 1990 786 2024 et
826 1986 968 2024 statuit
1008 1985 1225 2039 gloriosus
1267 1985 1453 2024 dominus
1495 1996 1546 2023 ac
1588 1988 1708 2035 pater
1741 1988 1885 2023 noster
1918 1995 1999 2023 rex

136 2051 349 2104 Boliemie,
383 2056 425 2090 ut
459 2053 510 2091 (le
537 2054 640 2092 ortis
673 2054 713 2092 in
737 2054 921 2093 Brwma
946 2058 987 2092 et
1021 2054 1290 2105 prouentibus
1319 2054 1466 2092 ibidem
1502 2053 1757 2106 instauratis,
1792 2052 1844 2091 de
1867 2052 2000 2091 omni-

136 2119 214 2158 bus
258 2120 394 2172 etiam,
437 2132 516 2171 que
558 2123 596 2160 in
634 2123 900 2175 Kuniysseld
938 2123 1112 2175 arando,
1154 2123 1221 2162 vel
1273 2123 1377 2161 alias
1418 2122 1650 2161 laborando
1693 2122 1906 2175 excolunt,
1947 2121 2000 2160 de

137 2187 297 2227 duobus
338 2199 502 2239 quoque
544 2190 680 2228 laneis
731 2192 768 2230 in
811 2193 976 2230 Meneis
1023 2196 1064 2231 et.
1104 2192 1264 2232 duobus
1315 2193 1354 2231 in
1394 2191 1644 2242 Pohorlefcz,
1695 2191 1891 2230 decimam
1931 2190 2001 2230 vel

137 2267 321 2309 censum,
365 2257 432 2295 vel
475 2261 657 2296 steuram
699 2271 780 2297 non
821 2260 1068 2314 religiosus,
1109 2273 1189 2300 non
1231 2261 1427 2314 clericus,
1468 2261 1570 2300 baro
1613 2260 1680 2299 vel
1724 2260 1872 2311 laycus
1922 2269 2000 2298 nec

137 2322 434 2363 beneficiarius
474 2325 514 2363 in
547 2326 680 2378 siluis,
720 2338 796 2366 seu
830 2329 974 2381 pratis,
1017 2330 1057 2368 in
1101 2330 1270 2380 pascuis
1311 2333 1352 2369 et
1395 2329 1634 2383 piscaturiS,
1674 2330 1716 2368 in
1754 2327 1999 2368 molendinis

138 2396 180 2432 et
206 2393 258 2432 ab
287 2393 530 2445 huiusmodi,
557 2404 637 2444 que
664 2395 824 2434 vtilitati
852 2397 1023 2435 claustri
1049 2399 1316 2452 conueniunt,
1343 2399 1484 2438 valeat
1502 2401 1768 2449 extorquere.
1803 2393 2000 2436 Ceterum

139 2467 289 2512 autem,
323 2466 365 2501 ut
398 2463 531 2501 omnia
561 2462 747 2501 breuiter
780 2465 1194 2519 conipreliemlainus,
1223 2479 1341 2506 omne
1376 2468 1453 2519 ius,
1481 2467 1587 2518 quod
1622 2468 1788 2516 spectat
1820 2463 1870 2502 ad
1898 2469 2000 2502 usus

141 2532 384 2584 principum,
409 2532 541 2570 cidem
564 2533 815 2571 monasterio
842 2534 1094 2587 remittimus,
1120 2542 1163 2574 ut
1191 2537 1282 2574 Deo
1315 2536 1451 2575 dicate
1477 2536 1638 2574 domine
1663 2533 1758 2572 inibi
1787 2532 2001 2586 degentes

142 2601 277 2653 plena,
320 2611 370 2639 ac
412 2599 598 2651 perfecta
634 2601 851 2653 gaudeant
894 2601 1102 2648 libertate..
1145 2615 1220 2641 nec
1262 2605 1367 2642 ullus
1408 2604 1607 2642 bominum
1649 2602 1687 2640 ei
1728 2613 1861 2640 novas
1895 2612 2000 2640 eon-
