2138 2845
963 172 1071 213 227

88 316 308 367 primordia
331 317 622 366 susceperunt.
648 314 726 354 nisi
753 314 980 354 litterarum
1004 314 1229 354 anthidotis
1260 317 1478 365 Vtcumque
1503 312 1555 353 ad
1580 313 1770 352 noticiam
1793 316 1939 364 poste-

89 396 224 423 rorum
257 385 447 424 traducta
489 384 777 434 perpetuitatis
817 385 998 437 gratiam
1038 387 1359 434 consequantur.
1425 383 1525 436 Ego
1558 381 1780 434 Se'ffridas,
1817 382 1938 423 Ciuis

90 451 396 502 olomucensis,
429 453 635 505 magister
668 452 870 505 poncium,
895 456 1042 491 tenore
1076 450 1271 502 profiteor
1304 455 1345 490 et
1368 454 1591 501 protestor.
1625 462 1649 489 a
1681 451 1939 490 uenerabili-

89 521 167 559 bus
201 520 372 559 dominis
405 521 520 573 meis,
547 520 676 558 Budis
710 520 877 573 abbate,
903 531 954 558 ac
979 524 1185 559 conuentu
1218 520 1401 559 ecclesie
1427 518 1717 569 Grada-ensis,
1743 529 1941 569 premon-

89 590 310 628 stratensis
344 589 515 641 ordinis,
542 589 704 627 laneum
727 592 769 627 et
793 588 994 627 dimidium
1028 590 1068 627 in
1094 588 1191 627 villa
1220 588 1453 640 Thopolcm,
1478 587 1530 626 ad
1556 598 1672 626 suam
1700 590 1944 637 spectantes

90 657 327 710 ecclesiam,
357 658 445 695 iure
464 656 782 709 Emphiteotico,
807 656 913 706 quod
940 656 1176 695 Burcreclit
1199 656 1348 695 dicitur
1373 656 1412 694 in
1439 655 1620 709 vulgari.
1649 654 1701 694 de
1728 654 1944 694 voluntate

90 736 140 764 ac
174 735 383 764 consensu
424 723 558 762 felicis
590 724 784 762 memorie
828 724 1082 763 venerabilis
1124 724 1273 763 domini
1313 724 1488 763 Roberti
1529 722 1733 774 quondam
1766 723 1946 775 abbatis,

90 796 132 832 et
171 790 416 833 Conuentus
465 792 662 831 Ecclesie
711 792 966 843 supradicte.
1017 803 1106 831 mea
1158 793 1336 843 pecunia
1376 795 1655 844 comparatos,
1703 802 1759 830 ex
1806 802 1946 830 eorum

89 863 249 899 matura
291 860 607 911 rationabilique
650 860 961 900 deliberacione
1009 872 1059 899 ac
1102 872 1314 899 consensu
1361 861 1555 913 vnanimi,
1599 871 1661 898 me
1702 861 1948 910 suscepisse

89 939 334 967 concessos.
367 927 503 980 michi,
545 932 586 967 et
618 930 719 967 meis
759 929 1081 968 successoribus
1125 930 1163 967 in
1205 929 1467 981 Magistratu
1510 929 1696 978 poncium
1745 932 1946 978 perpetuo

86 995 222 1035 libere
259 996 548 1046 possidendos.
581 997 785 1035 relaxatis
819 997 936 1035 michi
971 1001 1012 1035 et
1045 998 1145 1035 meis
1180 998 1360 1046 posteris
1394 1007 1526 1034 censu
1559 997 1626 1046 qui
1659 1007 1707 1034 se
1740 995 1794 1034 ad
1828 996 1947 1034 dimi-

90 1062 196 1103 dium
231 1065 410 1114 quintum
434 1062 635 1103 fertonem
668 1066 839 1117 argenti
867 1064 1049 1103 debebat
1081 1064 1329 1116 extendere,
1354 1064 1474 1101 anniS
1507 1063 1705 1116 singuliS,
1741 1065 1945 1117 vectiga-

89 1131 198 1170 libus
231 1142 408 1185 quoque,
441 1143 645 1185 messura,
679 1130 898 1185 falcatura,
932 1136 974 1171 et
1006 1132 1097 1170 aliis
1119 1132 1379 1170 seruitiorum
1413 1132 1663 1184 generibuS,
1698 1143 1944 1184 quocunque

91 1201 254 1239 nomine
279 1204 546 1239 censeantur.
573 1200 625 1238 ad
660 1201 740 1239 hec
762 1201 919 1239 stevris
952 1201 1043 1238 siue
1067 1200 1354 1252 iunaminibuS,
1388 1203 1530 1250 preter
1552 1200 1721 1253 Regias
1747 1200 1947 1240 collectas

92 1269 127 1307 si
153 1269 353 1318 requisite
377 1266 531 1305 fuerint
556 1268 804 1320 generaleS,
831 1268 869 1306 in
895 1268 1042 1318 quibus
1069 1269 1190 1307 etiam
1216 1270 1408 1318 quantum
1435 1272 1610 1318 possunt
1639 1268 1835 1318 precibus
1862 1269 1950 1307 suis

89 1339 168 1374 tam
203 1335 322 1373 michi
364 1345 482 1385 quam
516 1336 618 1373 meis
662 1338 705 1374 vt
737 1334 821 1373 dixi
862 1335 1184 1374 successoribus
1226 1335 1382 1374 adesse
1423 1336 1579 1375 auxilio
1620 1336 1947 1390 spoponderunt,

89 1402 142 1442 ab
175 1403 385 1441 interesse
411 1406 607 1452 preterea
639 1402 802 1442 iudiciis
829 1414 969 1442 eorum
1004 1403 1283 1442 communibus
1311 1403 1444 1457 nobis,
1478 1404 1559 1442 nisi
1582 1410 1732 1454 sponte
1765 1405 1948 1444 libertati

89 1474 233 1510 nostre
266 1471 509 1510 renuntiare
542 1471 716 1510 velimus
751 1473 970 1524 exemptis,
1003 1471 1083 1510 hoc
1117 1471 1320 1510 duntaxat
1352 1475 1548 1525 excepto,
1590 1473 1625 1511 si
1658 1471 1765 1512 sorte
1800 1473 1851 1511 de
1885 1484 1948 1512 me

89 1539 158 1577 uel
189 1539 292 1577 meis
337 1540 534 1592 posteriS,
575 1540 644 1579 vel
687 1539 739 1578 de
773 1539 1002 1579 hominibus
1042 1540 1198 1578 nostris
1239 1540 1278 1578 in
1319 1539 1476 1579 eisdem
1519 1540 1639 1579 bonis
1673 1541 1947 1593 manentibus,

90 1608 383 1658 querimoniam
424 1607 776 1661 qualemcumque,
817 1618 1012 1660 magnam
1055 1608 1123 1646 uel
1163 1619 1346 1658 parwam
1388 1607 1539 1658 deponi
1582 1610 1815 1661 continget.
1849 1614 1947 1648 tunc

91 1676 197 1714 enim
230 1686 368 1714 coram
409 1675 568 1714 domino
604 1680 745 1714 nostro
786 1676 953 1729 abbate,
996 1679 1037 1714 et
1069 1676 1157 1714 suis
1199 1676 1537 1729 successoribus,
1577 1678 1685 1716 sicut
1718 1678 1848 1716 ceteri
1884 1679 1947 1716 sui

88 1743 276 1782 homines
318 1743 579 1794 respondere
619 1743 865 1796 tenebimur,
905 1744 1011 1796 loco,
1060 1747 1102 1782 et
1140 1743 1313 1782 termino
1362 1744 1614 1797 assignatis.
1679 1744 1946 1795 Supradictis

89 1812 398 1851 omnibus-tam
437 1811 558 1850 michi
600 1823 719 1862 quam
760 1813 861 1850 meis
906 1812 1087 1862 posteris
1130 1812 1335 1850 relaxatis
1375 1811 1606 1851 liberaliter
1646 1824 1697 1852 ea
1737 1814 1948 1863 potissime

89 1881 263 1918 ratione.
299 1883 508 1930 quatenus
542 1880 728 1919 homines
757 1880 921 1919 abbatis
955 1884 996 1918 et
1021 1884 1251 1918 conuentus
1285 1880 1482 1918 Ecclesie
1507 1884 1727 1920 memorate
1762 1881 1812 1920 de
1847 1894 1948 1931 pro-

89 1947 226 1985 uincia
267 1946 545 2001 Olomucensi,
584 1950 676 1987 siue
716 1949 825 1987 bona
868 1959 1007 1986 eorum
1051 1948 1204 2001 augeri
1246 1958 1322 1998 per
1361 1949 1627 2001 empcionem,
1661 1949 1947 2003 donacionem,

90 2014 157 2052 uel
182 2014 376 2053 siluarum
406 2016 745 2069 extirpacionem,
772 2028 847 2055 seu
875 2017 1018 2055 mutari
1046 2016 1203 2055 domino
1230 2016 1491 2055 concedente
1516 2018 1751 2071 contingat,
1780 2030 1802 2057 a
1830 2019 1947 2057 solu-

89 2082 224 2134 cione,
258 2094 375 2132 quam
415 2084 586 2122 racione
621 2085 806 2134 poncium
847 2084 1063 2137 Magistro
1098 2084 1244 2136 pontis,
1287 2084 1483 2123 videlicet
1523 2084 1574 2123 de
1609 2086 1791 2136 quolibet
1824 2087 1945 2126 laneo

91 2154 132 2188 et
164 2150 339 2188 taberna
373 2162 454 2189 sex
488 2151 684 2190 denarios
711 2153 917 2190 annuatim
953 2152 1132 2190 reddere
1158 2151 1408 2190 tenebantur
1440 2156 1641 2203 perpetuo
1666 2155 1747 2193 sint
1781 2155 1945 2194 exemti.

90 2218 136 2257 In
171 2219 514 2272 recognicionem
549 2223 682 2258 autem
717 2220 836 2258 huius
871 2221 1050 2270 ipsorum
1083 2220 1386 2273 concessionis,
1421 2220 1668 2274 voluntarie,
1703 2223 1944 2262 racionabi-

88 2286 196 2339 liter,
237 2287 315 2325 rite
352 2284 477 2339 facte,
518 2290 559 2326 et
599 2298 688 2326 mee
730 2287 1014 2327 nichilominus
1056 2288 1361 2341 suscepcionis,
1402 2289 1502 2342 Ego
1542 2288 1749 2344 Siffridus,
1792 2294 1834 2330 et
1864 2292 1944 2331 mei

89 2364 368 2393 successores
401 2356 442 2393 in
475 2355 749 2408 magistratus
783 2357 971 2406 poncium
1004 2354 1150 2408 officio,
1191 2367 1300 2395 anno
1342 2357 1525 2408 quolibet
1557 2358 1597 2397 in
1630 2359 1780 2412 vigilia
1815 2370 1944 2410 pasce

89 2421 237 2460 domini
270 2422 365 2474 sibi,
399 2426 441 2461 et
473 2424 559 2461 suis
593 2424 914 2463 successoribus
955 2424 1058 2463 duos
1091 2424 1287 2477 agnellos
1328 2426 1447 2464 viuos
1481 2426 1563 2465 albi
1589 2427 1741 2466 coloris
1775 2432 1815 2466 et
1849 2429 1942 2477 pin-

90 2500 195 2541 ques
226 2491 458 2529 tenebimur
492 2496 751 2541 presentare.
811 2492 930 2540 Quod
963 2494 998 2531 si
1030 2490 1176 2532 facere
1210 2494 1540 2548 neglexerimus,
1574 2495 1759 2534 dominus
1794 2496 1941 2548 abbas,

90 2557 141 2596 de
175 2558 293 2598 bonis
318 2560 516 2610 predictis
544 2560 705 2611 absque
739 2560 1076 2600 contradiccione
1102 2572 1175 2611 pro
1210 2572 1259 2601 eo
1287 2563 1444 2617 pignus
1471 2563 1683 2603 sufficiens
1709 2564 1787 2602 sibi
1814 2562 1940 2603 saciet

1624 2630 1733 2669 729³ss
