2138 2845
1009 224 1080 264 34

114 378 338 419 eorumque
362 367 685 406 successoribus
712 366 872 405 stubam
896 378 1015 405 unam
1040 366 1282 406 balniariam
1309 365 1443 404 libere
1462 365 1769 416 possidendam.
1803 367 1972 406 Debent

113 442 246 476 autem
281 437 360 487 ipsi
394 435 538 475 fideles
579 435 739 474 iudices
773 436 850 474 mei
892 440 1069 486 quatuor
1102 435 1299 474 macellas
1339 434 1498 473 liberas
1532 437 1709 485 quatuor
1743 435 1899 475 bancos
1931 437 1974 474 in

113 506 261 557 quibus
304 516 436 556 panes
479 505 616 543 solent
655 504 779 543 uendi
820 504 952 543 eciam
994 507 1172 554 quatuor
1204 503 1364 541 bancos
1405 504 1444 541 in
1487 502 1637 553 quibus
1671 503 1805 542 calcei
1837 503 1975 542 solent

111 574 236 612 uendi
271 574 426 612 liberos
454 573 644 612 obtinere
678 573 756 624 ipsi
782 583 1007 622 eorumque
1040 582 1319 610 successores
1344 571 1383 609 in
1410 576 1651 621 perpetuum
1678 570 1809 609 libere
1834 572 1974 621 possi-

112 642 302 681 dendum.
368 642 520 681 Preter
566 642 759 680 maiorem
807 640 999 693 graciam
1049 639 1207 678 eisdem
1255 639 1522 690 inpendendo
1572 637 1744 678 confero
1788 639 1829 677 in
1876 639 1974 678 uilla

112 711 272 750 ciuitati
316 710 524 749 adiacenti
573 720 691 760 quam
732 708 929 747 locabunt
967 710 1132 745 sextum
1172 719 1354 747 mansum
1398 707 1570 747 liberum
1619 712 1662 748 et
1700 707 1975 747 molendinum

110 779 283 818 liberum
317 791 405 818 cum
440 779 528 817 sola
564 782 654 815 rota
688 777 842 815 molari.
890 775 1061 814 Debent
1094 776 1217 814 etiam
1246 776 1439 815 obtinere
1472 777 1548 815 mei
1574 777 1693 815 ciues
1726 776 1780 815 ad
1814 787 1975 827 pascua

111 859 307 899 pecorum
340 858 481 885 eorum
521 846 678 884 liberos
713 844 817 883 duos
857 855 1026 883 mansos
1060 846 1102 882 et
1134 844 1232 882 villa
1273 844 1475 888 adiacens
1510 845 1696 884 similiter
1728 844 1782 884 ad
1816 855 1976 895 pascua

110 928 231 955 unum
266 927 448 954 mansum
482 915 653 953 liberum
678 913 892 952 obtinebit.
942 912 1147 951 Protei-ea
1172 911 1267 950 uolo
1302 915 1344 950 ut
1369 912 1423 951 ad
1448 913 1580 962 ipsam
1605 914 1814 953 ciuitatem
1843 924 1975 952 meam

110 985 273 1024 scilicet
299 983 546 1038 Brunsperh
575 983 821 1022 adiacentes
847 981 943 1021 uille
972 981 1137 1020 scilicet
1162 979 1325 1021 ›S'larz'tz
1351 983 1391 1019 et
1422 981 1719 1033 Vrec-cendorf
1739 985 1777 1020 et
1799 982 1974 1021 Brun-s*-

109 1054 249 1093 werde
282 1057 320 1092 el
351 1064 557 1104 passer-01·
591 1056 632 1091 et
665 1053 700 1090 si
735 1051 831 1102 quid
866 1053 906 1090 in
934 1050 1119 1089 terminis
1154 1050 1401 1100 prescriptis
1427 1049 1564 1088 adhuc
1599 1049 1751 1099 poterit
1775 1049 1975 1088 collocari

110 1126 308 1173 spectare
350 1126 573 1161 teneantur
615 1120 780 1159 scilicet
821 1119 862 1158 in
902 1118 1054 1158 iudicio
1095 1119 1238 1159 maiori
1283 1118 1390 1169 quod
1432 1122 1499 1158 est
1532 1129 1607 1168 pro
1647 1117 1866 1156 homicidio
1899 1129 1975 1168 pro

111 1190 315 1230 adulterio
350 1202 424 1241 pro
458 1188 567 1229 furtu
601 1192 642 1228 et
669 1188 853 1242 singulis
887 1188 1037 1238 quibus
1061 1187 1158 1226 uille
1192 1186 1242 1225 ad
1277 1188 1487 1226 ciuitatem
1522 1186 1745 1237 quamlibet
1777 1188 1976 1237 spectare

111 1264 425 1298 consueuerunt
457 1270 547 1298 cum
574 1259 615 1297 in
643 1258 750 1296 uillis
776 1268 850 1308 pro
876 1256 1119 1295 uulneribus
1142 1255 1210 1294 uel
1237 1255 1431 1307 quidquid
1461 1255 1595 1294 alcius
1624 1258 1688 1294 est
1713 1267 1793 1294 non
1821 1253 1977 1294 debeat

112 1328 300 1367 iudicari.
364 1327 423 1366 Vt
456 1331 591 1365 autem
624 1337 727 1377 sepe
762 1326 859 1364 dicti
894 1324 1056 1364 iudices
1089 1326 1166 1363 mei
1206 1325 1322 1363 circa
1356 1323 1585 1363 huiusmodi
1627 1324 1836 1362 ciuitatem
1870 1335 1976 1362 con-

111 1396 351 1436 struendam
396 1407 446 1434 eo
488 1394 650 1434 fidelius
691 1395 885 1433 laborent
923 1394 990 1432 ius
1030 1393 1093 1431 eis
1134 1396 1176 1432 et
1221 1393 1409 1431 omnibus
1451 1392 1615 1431 ciuibus
1657 1392 1758 1430 meis
1801 1389 1974 1430 confero

111 1464 464 1516 juvabat-yeme.
529 1463 652 1504 Addo
694 1464 825 1502 eciam
873 1461 1126 1513 supradictis
1167 1461 1375 1500 iudicibus
1421 1461 1523 1500 meis
1570 1458 1760 1499 fidelibus
1802 1460 1976 1498 tercium

112 1533 324 1572 denarium
377 1534 428 1572 de
477 1533 664 1571 omnibus
713 1532 845 1584 culpis
893 1530 1138 1569 iudiciariis.
1208 1528 1393 1570 Consero
1440 1529 1574 1568 eciam
1622 1531 1976 1580 supramemorate

111 1604 271 1642 ciuitati
307 1613 397 1640 mee
431 1602 676 1652 ciuibusque
717 1602 756 1640 in
791 1611 841 1639 ea
875 1598 1160 1638 habitantibus
1201 1609 1277 1649 per
1310 1598 1526 1637 duodecim
1558 1609 1756 1637 annorum
1790 1597 1976 1647 spacium

111 1671 344 1710 libertatem
379 1671 474 1709 uille
515 1674 649 1710 autem
683 1669 893 1707 adiacenti
934 1668 1168 1708 libertatem
1212 1678 1288 1718 per
1327 1667 1512 1717 spacium
1556 1666 1743 1705 sedecim
1776 1675 1976 1704 annorum

111 1740 292 1790 expletis
326 1742 462 1778 autem
496 1739 581 1779 XII
615 1739 736 1777 annis
769 1738 913 1777 liberis
946 1737 1040 1777 uolo
1080 1740 1126 1776 vt
1158 1735 1211 1775 de
1245 1736 1430 1787 qualibet
1468 1735 1587 1774 curia
1620 1735 1661 1774 in
1693 1734 1863 1773 ciuitate
1895 1743 1978 1772 sex

112 1810 256 1848 nuinmi
292 1808 474 1859 persolui
507 1811 731 1847 teneantur
764 1807 816 1847 de
849 1807 945 1845 uilla
979 1810 1114 1846 autem
1147 1806 1317 1856 expleta
1350 1805 1545 1844 libertate
1579 1807 1622 1843 ut
1654 1803 1706 1842 de
1739 1803 1833 1842 aliis
1865 1802 1976 1842 uillis

112 1878 359 1929 persoluere
393 1877 658 1916 tenebuntur.
722 1876 929 1915 Preterea
962 1877 1006 1915 ut
1039 1874 1207 1925 promisi
1241 1873 1348 1925 quod
1382 1873 1484 1913 meis
1526 1872 1688 1911 ciuibus
1722 1872 1784 1910 ius
1817 1870 1976 1921 Meyd-

113 1943 334 1999 burgense
358 1946 560 1985 doceatur
593 1945 699 1997 apud
728 1945 945 1996 oppauiam
973 1947 1159 1983 tenorem
1188 1943 1392 1982 obtinere.
1433 1941 1640 1981 Preterea
1665 1940 1743 1979 soli
1777 1938 1976 1979 Bertoldo

114 2016 236 2054 iudici
270 2026 359 2054 meo
385 2014 556 2054 confero
590 2014 782 2053 allodium
809 2012 968 2052 ciuitati
1000 2022 1091 2051 mee
1114 2012 1318 2050 adiacens
1350 2010 1484 2049 libere
1511 2013 1554 2048 et
1578 2008 1808 2047 liberaliter
1835 2007 1976 2058 possi-

115 2084 305 2123 dendum.
354 2084 410 2122 Et
438 2089 480 2124 ut
514 2084 593 2122 hec
620 2083 796 2122 donacio
829 2082 992 2122 stabilis
1015 2084 1057 2121 et
1089 2081 1129 2120 in
1155 2084 1262 2119 statu
1288 2089 1454 2129 semper
1478 2077 1698 2118 incholomi
1728 2078 1980 2127 perseueret

115 2156 353 2204 presentem
387 2153 585 2190 cartulam
613 2152 743 2203 sig-illi
777 2152 855 2190 mei
883 2150 1100 2190 munimine
1132 2148 1285 2188 tradidi
1311 2148 1548 2187 roboratam
1581 2146 1760 2186 testibus
1785 2145 1976 2184 median-

115 2221 225 2260 tibus
266 2221 333 2271 ‹1ui
376 2218 538 2270 prefate
580 2220 798 2258 donacioni
838 2231 928 2258 cum
963 2217 1081 2259 fieret
1120 2219 1372 2257 assisterunt
1413 2227 1583 2267 quorum
1626 2215 1789 2254 nomina
1823 2214 1903 2254 hoc
1935 2214 1977 2253 in

116 2292 419 2339 nuncupantur.
484 2289 685 2326 Dominus
720 2288 968 2327 llerbordus
1002 2285 1176 2339 dapifer.
1219 2286 1422 2326 Dominus
1455 2285 1714 2338 Ilenningus
1748 2282 1851 2323 filius
1884 2282 1976 2321 eius

116 2359 318 2397 Dominus
359 2355 581 2397 Conradus
625 2355 728 2394 lilius
774 2357 865 2395 eius
907 2356 1107 2395 Dominus
1149 2356 1336 2395 Ditricus
1377 2354 1429 2393 de
1463 2354 1558 2394 Zell
1602 2353 1799 2392 Dominus
1832 2351 1975 2390 Bruno

117 2427 168 2466 de
202 2426 461 2478 Spencliove
502 2429 542 2463 et
575 2425 642 2464 alii
684 2435 802 2475 qnam
837 2424 978 2474 plures
1021 2423 1100 2463 lide
1134 2424 1269 2477 digni.
1332 2424 1446 2464 Acta
1484 2426 1581 2463 sunt
1618 2422 1698 2462 hec
1737 2421 1779 2459 in
1811 2419 1972 2458 Ketcer

117 2508 225 2535 aimo
261 2495 408 2534 domini
443 2496 504 2534 M.
539 2492 628 2534 CC.
663 2493 822 2532 Lxlx.
857 2493 897 2531 in
931 2492 998 2530 die
1032 2492 1144 2531 beati
1178 2491 1372 2531 nicholai.

426 2593 480 2625 Ex
511 2593 712 2631 originali
748 2593 777 2623 in
811 2598 946 2623 archivo
977 2589 1252 2630 archiepiscopali
1284 2587 1587 2621 Cremsiriensi.
1617 2604 1659 2610 —-
1682 2583 1975 2627 Apographum

532 2655 561 2675 ιιι
586 2643 731 2675 codice
755 2641 930 2673 Oloniuc.
955 2642 1059 2673 chart.
1086 2642 1111 2673 Ι.
1137 2641 1190 2672 sol.
1215 2640 1278 2673 50.
1302 2643 1335 2671 et
1363 2638 1451 2671 165.
