2138 2845
993 169 1098 211 317

119 312 250 363 ipsam
283 310 434 351 dilecto
468 310 629 362 phisico
672 314 714 351 et
753 311 972 363 capellano
1012 315 1169 365 nostro,
1211 312 1416 366 magistro
1456 313 1674 367 Heinrico,
1715 325 1833 366 quem
1866 326 1975 355 nunc

118 380 223 431 ipsis
260 379 313 420 ad
354 379 538 420 eamdem
577 384 725 421 tenore
765 381 1027 432 presencium
1069 383 1372 432 presentamus,
1413 380 1646 436 conserant,
1690 388 1730 423 et
1770 385 1900 435 ipsum
1935 385 1975 424 in

119 447 283 499 prefata
323 448 509 488 ecclesia
549 449 591 489 in
639 461 755 488 suum
794 450 1121 488 concanonicum
1161 452 1203 488 et
1244 447 1494 489 confratrem
1544 453 1763 506 recipiant,
1811 453 1974 504 sibique

119 527 267 556 vocem
298 518 340 556 in
364 517 543 568 capitulo
578 520 620 556 et
643 517 804 556 stallum
838 517 878 556 in
911 517 1039 557 choro
1065 518 1292 571 assignent
1317 520 1357 557 et
1382 518 1600 572 prebeant,
1628 520 1824 560 tarditate
1850 526 1974 572 atque

119 583 356 625 difficultate
390 585 641 637 quibuslibet
674 585 817 636 procul
848 586 990 638 motis3
1029 596 1108 625 nec
1142 597 1222 624 non
1256 588 1310 638 et,
1352 586 1459 637 quod
1494 591 1586 637 post
1620 588 1749 638 ipsius
1784 590 1975 642 magistri

117 653 310 693 Heinrici
343 653 563 694 decessum
603 651 751 705 prefati
795 653 996 708 decanus,
1037 654 1288 707 prepositus,
1329 659 1472 694 custos
1513 660 1721 707 totumque
1755 658 1973 707 capitulum

118 720 394 762 olomucense
428 726 470 762 et
501 723 681 774 ipsorum
715 733 993 762 successores
1026 724 1081 762 illi
1107 734 1392 775 quemcunque
1419 735 1494 762 nos
1529 724 1598 762 vel
1631 726 1760 764 nostri
1794 736 1973 765 succes-

117 801 242 830 sores
281 792 344 830 eis
386 790 440 830 ad
480 789 681 842 prefatam
721 791 976 843 prebendam
1024 791 1265 831 duxerimus
1313 792 1653 846 presentandum,
1701 794 1832 844 ipsam
1875 806 1975 845 pre-

117 858 295 898 bendam
327 857 560 914 conferant,
594 871 769 912 eumque
802 861 843 899 in
869 861 1111 900 canonicum
1144 864 1186 900 et
1211 859 1461 900 confratrem
1495 862 1533 900 in
1568 861 1756 913 predicta
1790 863 1974 903 ecclesia

115 927 337 982 recipiant,
368 928 532 980 sibique
564 929 726 969 stallum
758 930 800 969 in
832 929 961 969 choro
994 933 1036 969 et
1067 940 1214 969 vocem
1254 930 1293 969 in
1327 929 1506 981 capitulo
1539 929 1766 984 assignent
1798 934 1841 971 et
1873 943 1974 983 pre-

116 994 246 1036 beant
276 997 369 1036 sine
401 995 639 1037 difficultate
665 997 848 1050 qualibet
881 1009 932 1037 ac
959 998 1090 1037 eciam
1123 997 1332 1051 tarditate,
1366 1002 1407 1037 et
1434 1009 1508 1049 pro
1535 999 1751 1038 animabus
1773 999 1975 1040 dictorum

116 1064 247 1114 patris
279 1067 321 1104 et
352 1066 494 1105 matris
526 1070 761 1106 nostrorum
793 1078 877 1106 vna
911 1078 1001 1106 cum
1021 1066 1166 1107 eodem
1200 1078 1324 1107 orare
1350 1063 1594 1118 frequenter
1627 1066 1824 1121 debeant,
1858 1073 1900 1108 et
1931 1069 1974 1108 in

117 1130 185 1171 die
225 1134 507 1173 anniuersarii
547 1133 773 1174 eorundem
813 1135 943 1186 patris
992 1138 1035 1175 et
1072 1135 1213 1175 matris
1250 1139 1482 1176 nostrorum
1521 1136 1562 1175 in
1602 1135 1749 1175 eadem
1789 1137 1974 1176 ecclesia

114 1200 330 1240 missarum
361 1201 606 1253 sollempnia
645 1203 891 1254 celebrare3
931 1206 973 1243 et
1015 1205 1204 1255 quoniam
1243 1205 1444 1258 volumus,
1485 1203 1594 1255 quod
1634 1204 1822 1255 predicta
1862 1206 1974 1245 bona

116 1269 240 1320 plene
272 1274 396 1322 atque
430 1274 632 1322 perpetue
658 1271 832 1311 sollacio
858 1272 1078 1326 gaudeant
1100 1273 1320 1326 libertatiS,
1349 1273 1558 1324 presentis
1586 1277 1733 1312 tenore
1758 1274 1974 1328 priuilegii

113 1336 259 1376 eadem
292 1350 319 1378 a
351 1339 535 1390 qualibet
567 1339 865 1379 iurISdiccione
897 1351 976 1379 seu
1008 1344 1217 1391 potestate
1251 1341 1492 1394 villicorum,
1523 1340 1698 1380 iudicum
1731 1343 1973 1392 prouincia-

112 1404 221 1459 lium,
253 1406 520 1446 collectorum
552 1407 775 1461 generans
808 1408 878 1447 vel
911 1409 1124 1462 specialis,
1149 1409 1340 1462 collecte,
1368 1413 1526 1462 steure,
1560 1410 1898 1463 camerariorum,
1931 1414 1974 1450 et

113 1473 297 1525 quolibet
328 1473 571 1529 officialium,
600 1487 847 1528 quocunque
873 1481 1129 1517 censeantur
1162 1480 1338 1531 nomine,
1364 1484 1489 1529 atque
1522 1477 1715 1517 nobilium
1749 1482 1790 1518 et
1823 1480 1971 1519 ciuium

111 1543 194 1581 tam
226 1543 490 1593 presencium
524 1554 642 1594 quam
676 1545 798 1584 etiam
830 1543 1058 1586 futurorum
1091 1548 1305 1586 eximimus
1339 1546 1391 1585 de
1424 1550 1569 1586 nostre
1604 1547 1857 1597 plenitudine
1893 1560 1969 1598 po-

111 1611 292 1663 testatis,
331 1614 374 1649 et
412 1612 641 1664 statuimus,
683 1614 727 1651 vt
767 1614 873 1651 omni
913 1614 1074 1653 omnino
1117 1614 1311 1653 libertate
1350 1612 1552 1667 fruantur,
1593 1626 1674 1666 qua
1708 1614 1897 1655 fruuntur
1931 1622 1971 1656 ct

111 1675 192 1717 srui
224 1677 378 1718 debent
409 1678 520 1718 bona
553 1682 595 1718 et
621 1679 834 1730 prebende
868 1681 1051 1720 ecclesie
1077 1685 1312 1732 pretaxate.
1358 1682 1613 1734 SpecIaliter
1645 1689 1779 1723 autem
1814 1696 1969 1724 omnem

113 1747 424 1801 obligacionem
458 1759 700 1799 omnemque
733 1752 1003 1803 contractum,
1038 1750 1187 1801 quibus
1222 1762 1297 1801 per
1330 1751 1507 1803 aliquem
1541 1753 1824 1806 camerarium,
1858 1754 1969 1792 villi-

111 1826 216 1870 cum,
248 1815 424 1855 iudicem
457 1817 753 1867 prouincialem
778 1817 846 1856 vel
879 1817 998 1856 alium
1026 1829 1321 1869 quemcumque
1349 1820 1472 1858 alicui
1506 1820 1585 1858 ciui
1621 1820 1688 1858 vel
1722 1820 1843 1860 alteri
1877 1822 1967 1860 cui-

109 1884 210 1924 libet
243 1885 353 1924 dicta
386 1885 496 1924 bona
530 1886 599 1925 vel
633 1897 774 1925 eorum
807 1897 905 1936 pars
938 1886 1076 1937 aliqua
1110 1898 1357 1939 quocunque
1390 1891 1574 1938 tempore
1610 1888 1676 1927 vel
1712 1900 1967 1941 quocumque

110 1952 228 1992 modo
262 1953 332 1992 vel
363 1953 492 2004 tytulo
524 1951 679 1993 fuerint
713 1954 780 1993 vel
813 1953 1004 1993 dicuntur
1042 1953 1218 1994 forsitan
1259 1956 1462 2009 oblIgata,
1496 1957 1632 1996 locata
1669 1957 1736 1996 vel
1769 1958 1966 2012 alienata,

109 2023 256 2060 tenore
290 2021 514 2074 presentis,
549 2022 761 2076 priuilegii
796 2023 981 2062 similiter
1023 2023 1075 2063 de
1115 2028 1256 2063 nostre
1298 2025 1516 2074 potestatis
1558 2025 1811 2075 plenitudine
1845 2027 1965 2066 anni-

110 2087 323 2142 chilamuS,
356 2089 644 2144 rescindimus,
687 2091 907 2144 irritamus,
948 2095 989 2131 et
1028 2093 1132 2131 omni
1174 2093 1337 2143 penitus
1377 2105 1526 2133 carere
1559 2092 1747 2133 firmitate
1781 2095 1967 2135 volumus

111 2159 154 2195 et
194 2157 363 2210 vigore,
403 2157 628 2212 priuilegio
674 2170 753 2199 seu
800 2160 1006 2211 rescripto
1055 2161 1258 2212 quondam
1301 2161 1397 2201 dicti
1444 2162 1591 2202 domini
1639 2163 1769 2214 patris
1817 2166 1964 2219 nostri,

110 2227 253 2264 nostro
293 2225 364 2264 vel
403 2226 574 2265 alterius
616 2227 850 2281 cuiuslibet,
894 2228 1001 2279 quod
1041 2240 1169 2279 super
1211 2230 1482 2284 obligacione
1518 2232 1584 2270 vel
1618 2232 1851 2272 huiusmodi
1885 2234 1963 2273 ob—

108 2296 262 2332 tentum
295 2291 428 2332 fuisse
461 2293 623 2333 dicetur
657 2295 722 2335 vel
757 2296 1015 2350 ostendetur,
1058 2297 1164 2348 quod
1207 2309 1282 2348 per
1322 2310 1499 2349 presens
1533 2300 1796 2353 priuilegium
1829 2301 1963 2341 nullas

109 2360 227 2399 vires
250 2361 415 2411 penitus
440 2362 482 2401 in
509 2362 658 2401 iudicio
693 2364 761 2403 vel
785 2369 907 2404 extra
940 2365 1126 2405 volumus
1159 2366 1364 2421 obtinere,
1390 2368 1465 2407 sed
1491 2368 1650 2409 debere
1676 2368 1764 2410 sore
1798 2382 1961 2410 cassum

107 2432 151 2468 et
181 2427 370 2475 sriuolum
401 2430 679 2485 decernimuS,
706 2433 951 2483 quiescente
984 2438 1026 2473 et
1053 2435 1381 2476 contradictione
1404 2438 1638 2491 cuiuslibet,
1666 2440 1960 2489 cuiuscumque

107 2497 363 2537 condicionis
397 2500 566 2553 existat,
599 2500 848 2551 aliquatinus
881 2513 963 2541 non
996 2502 1190 2542 obstante
1224 2505 1433 2545 vniuersis
1467 2510 1508 2545 et
1540 2508 1722 2561 singulis
1757 2506 1958 2544 iudicibus

108 2567 445 2621 prouincialibus,
478 2569 711 2609 camerario
734 2570 812 2610 sub
841 2576 982 2611 nostro
1011 2573 1217 2626 regimine
1240 2574 1507 2628 morantibus,
1534 2577 1827 2626 cuiuscumque
1853 2585 1957 2613 con·
