2138 2845
983 174 1085 216 337

911 314 1149 357 CCLvul.

101 409 280 451 Pardus
321 409 372 450 de
403 408 556 450 Horlta
595 410 761 462 confert
796 410 1050 449 monasterio
1084 408 1341 449 Gradicensz·
1369 410 1447 462 jus
1478 414 1725 462 patronatus
1758 411 1962 451 ecclesiae

368 480 412 518 in
443 477 608 518 Horlsa.
671 479 744 518 Dc.
780 478 1002 529 Olomucii,
1042 478 1088 519 V.
1123 477 1347 518 Kalendas
1379 478 1503 529 Jnlz’z',
1544 478 1694 520 1287.

247 571 359 632 Nos
401 589 581 643 Pardus,
621 589 756 628 dictus
803 588 855 628 de
896 588 1056 643 Horka,
1103 591 1250 629 tenore
1297 590 1550 640 presentium
1590 592 1803 645 testamur7
1853 591 1961 643 quod

100 670 192 713 nos7
224 659 323 698 licet
355 659 397 697 in
430 662 618 697 extrema
651 658 812 708 positus
846 657 1072 711 uoluntate7
1104 658 1237 697 libero
1276 662 1413 698 tamen
1445 657 1578 698 fretus
1618 659 1803 714 arbitrio,
1837 660 1961 711 plena

100 728 141 767 in
173 728 359 767 omnibus
392 738 443 766 ac
476 738 582 765 sana
615 727 776 765 ratione
809 727 1057 765 constitutus
1091 726 1144 765 de
1176 726 1286 765 bona
1313 732 1455 766 nostra
1481 727 1695 767 voluntate
1721 739 1771 768 ac
1797 728 1960 769 domine

99 796 311 849 Bolemile⁷
344 795 490 834 uxoris
523 798 681 848 nostre7
715 798 757 833 et
788 795 980 848 Fabiani,
1012 794 1173 848 Milete7
1215 796 1308 834 item
1350 795 1490 849 Pardi,
1525 796 1664 836 dilecti
1705 794 1772 835 filii
1813 798 1961 851 nostri⁷

99 868 142 904 et
173 862 344 903 filiarum
376 863 675 918 Margarethe,
709 861 852 917 Clare,
885 864 1011 903 Anne
1044 868 1086 903 et
1118 863 1352 904 Sbraslaue
1385 864 1503 904 simul
1545 864 1706 915 placido
1746 876 1961 906 consensu

98 932 321 972 ecclesiam
355 933 396 971 in
429 931 594 981 Horlta,
627 932 669 971 in
702 943 782 983 qua
815 932 879 971 ius
912 935 1155 982 patronatus
1189 932 1433 986 obtinemus‚
1466 932 1627 973 domino
1661 934 1792 974 Budis
1817 935 1959 976 abbati

99 1004 141 1041 et
185 1002 408 1040 conuentui
455 1001 638 1040 ecclesie
680 999 980 1052 Gradicensis,
1023 1001 1181 1040 ordinis
1228 1002 1638 1055 premonstratensis,
1684 1003 1762 1041 iam
1811 1003 1962 1043 dictum

99 1069 163 1107 ius
198 1072 439 1120 patronatus
472 1069 678 1108 humiliter
710 1072 752 1108 et
784 1068 935 1108 deuote
968 1068 1213 1108 contulimus
1239 1074 1410 1120 propter
1435 1070 1552 1109 deum
1578 1075 1619 1110 et
1645 1082 1718 1121 pro
1743 1073 1960 1113 animabus

99 1140 331 1176 nostrorum
364 1137 725 1188 predecessorum.
773 1138 829 1177 Et
861 1148 913 1177 ne
933 1138 1055 1177 alicui
1089 1138 1253 1176 dubium
1279 1150 1408 1190 super
1434 1139 1514 1178 hoc
1539 1140 1709 1195 oriatur,
1736 1145 1959 1192 presentes

99 1203 189 1244 fieri
221 1203 393 1245 fecimus
427 1207 557 1245 nostri
589 1206 719 1259 sigilli
753 1206 968 1245 munimine
1008 1206 1272 1245 roborantes.
1336 1208 1506 1249 Datum.
1527 1210 1565 1247 in
1607 1209 1817 1264 Olomch,
1851 1223 1960 1251 anno

98 1273 247 1313 domini
280 1275 341 1314 Μ.
376 1272 466 1315 CC.
499 1275 770 1314 LXXXVII.
803 1274 858 1313 V.
898 1275 1117 1314 Kalendas
1158 1275 1264 1314 Iulii.
1336 1276 1614 1316 presentibus
1655 1277 1721 1317 his
1761 1279 1958 1319 testibus:

99 1341 250 1381 Fratre
281 1342 510 1396 Michaele,
543 1342 701 1381 ordinis
733 1341 902 1382 fratrum
935 1344 1145 1396 minorum,
1172 1344 1332 1382 domino
1359 1343 1473 1394 Cyro
1508 1347 1719 1396 preposito
1753 1351 1794 1386 et
1827 1359 1959 1387 cano-

97 1409 190 1448 nico
223 1409 512 1450 olomucensis
544 1410 742 1464 ecclesie,
775 1408 905 1450 fratre
937 1411 1110 1464 Ioanne,
1143 1410 1275 1452 fratre
1300 1413 1491 1467 Nicolao7
1524 1414 1740 1454 canonicis
1773 1416 1959 1457 ecclesie

97 1476 388 1534 Gradicensis,
421 1482 463 1518 et
494 1479 587 1518 aliis
620 1490 739 1530 quam
773 1480 959 1531 pluribus
993 1478 1072 1519 fide
1105 1480 1262 1535 dignis.

406 1576 702 1618 Apographum
728 1579 758 1609 in
781 1577 1020 1610 Annalibus
1046 1578 1388 1611 Gradicensibus
1414 1579 1523 1612 MSS.

933 1742 1129 1785 CCle.

100 1844 400 1896 Theodericus,
433 1846 656 1899 episcopus
691 1845 997 1897 olomucensis,
1029 1849 1201 1899 accepta
1234 1849 1277 1887 in
1310 1860 1622 1901 recompensam
1654 1851 1757 1890 villa
1783 1851 1955 1893 Chwal-

186 1913 344 1954 kowice
374 1916 672 1954 monas-leriam
714 1914 1042 1953 Welelzradense
1074 1928 1099 1954 a
1132 1916 1338 1956 solutione
1377 1917 1644 1958 decimanum
1677 1919 1865 1960 absolvit.

402 1983 473 2021 Dl.
508 1982 748 2034 Crem-sirii,
781 1983 887 2022 XII.
923 1982 1146 2023 Kalendas
1178 1983 1450 2037 Septembris,
1490 1986 1640 2028 1287.

269 2074 327 2134 In
368 2094 530 2133 nomine
571 2093 732 2133 domini.
775 2105 907 2133 amen.
971 2094 1061 2133 Nos
1101 2094 1394 2135 Theodericus
1435 2095 1501 2136 dei
1545 2098 1698 2151 gracia
1731 2099 1956 2151 episcopus

97 2161 386 2201 Olomucensis
419 2161 616 2201 ecclesie.
665 2159 896 2213 Cupientes
923 2163 1130 2202 mutationi
1159 2162 1359 2203 hominum
1385 2168 1427 2204 et
1451 2169 1674 2216 temporum
1691 2166 1956 2220 labentisque

97 2229 230 2269 lituris
262 2230 457 2268 memorie
491 2229 648 2269 salubri
682 2231 904 2270 consulere
929 2231 1116 2271 subsidio
1149 2235 1191 2271 et
1218 2233 1407 2272 consulto
1432 2234 1616 2274 remedio
1640 2237 1955 2291 scripturarum⁷

95 2301 232 2338 notum
266 2308 365 2336 esse
398 2297 585 2337 volumus
625 2302 668 2337 et
705 2304 904 2339 constare
943 2301 1128 2350 cupimus
1161 2301 1371 2341 vniuersis
1405 2303 1673 2353 presentibus
1708 2316 1758 2343 ac
1793 2303 1954 2359 suturis⁷

96 2365 205 2418 quod
240 2366 495 2405 venerabilis
529 2364 658 2406 frater
691 2366 876 2406 dominus
910 2367 1098 2418 Lupinus
1130 2368 1265 2408 abbas
1304 2370 1488 2410 ecclesie
1537 2372 1878 2423 Weleyradensis
1912 2377 1954 2414 et

94 2438 328 2474 conuentus
361 2435 600 2474 monasterii
634 2436 711 2488 sui,
736 2434 1052 2487 cysterciensis
1077 2437 1249 2492 ordinis,
1278 2442 1421 2479 nostre
1449 2439 1633 2480 diocesis
1662 2453 1735 2492 pro
1768 2442 1952 2481 denariis

95 2502 380 2556 decimalibus,
413 2503 580 2542 abbatie
614 2504 752 2557 totius7
794 2516 866 2554 pro
908 2504 1056 2556 quibus
1097 2517 1276 2545 marcam
1316 2509 1405 2547 auri
1445 2509 1645 2560 episcopo
1687 2509 1951 2548 Olomucensi

96 2572 302 2612 annuatim
343 2572 569 2612 secundum
617 2571 914 2613 ordinationem
963 2585 1052 2613 cum
1094 2575 1325 2615 venerabili
1366 2581 1486 2628 patre
1532 2577 1692 2618 domino
1740 2577 1950 2630 Brunone7

1673 2644 1740 2684 43
