2138 2845
995 175 1102 215 244

121 326 266 373 potero
308 321 516 373 inuenire3
558 317 850 359 satisfacturus
884 317 1170 357 nichilominus
1204 316 1325 356 etiam
1359 315 1575 354 canonicis
1609 316 1976 359 Olomuceiisibus:

121 391 281 429 domino
317 389 513 428 Budislao
549 389 726 441 decano7
760 391 801 427 et
833 387 993 426 domino
1027 385 1308 438 Theodorico⁷
1353 395 1426 435 pro
1460 383 1661 438 dampnis,
1695 397 1774 437 que
1807 399 1882 438 per
1914 399 1977 428 me

121 463 162 498 et
193 469 307 497 meos
342 458 528 497 homines
571 459 611 495 in
645 468 785 495 eorum
829 455 1084 506 patrimoniis
1124 457 1220 493 sunt
1254 453 1460 504 perpessi.
1524 453 1704 504 Insuper
1741 455 1978 506 simpliciter

120 531 161 566 et
194 526 384 565 absolute
423 526 501 565 sub
536 525 681 564 eodem
721 525 947 563 iuramento
982 524 1090 562 bona
1131 521 1406 562 Gradicensis
1440 521 1640 574 ecclesie⁷
1681 532 1761 573 que
1794 533 1978 574 occupa-

119 606 276 641 ueraim
300 594 451 633 dimitto
476 594 608 633 libere
632 593 742 631 dicte
768 592 951 631 ecclesie
978 590 1247 643 possidenda⁷
1271 590 1499 630 secundum
1528 590 1675 629 limites
1702 593 1744 629 et
1767 591 1980 644 terminos,

119 664 188 715 qui
232 664 272 702 in
314 663 549 716 priuilegiis
590 662 720 712 ipsius
760 660 944 699 ecclesie
984 660 1260 698 continentur.
1325 656 1523 698 Ceterum
1563 658 1642 697 sub
1686 657 1833 697 eodem
1866 658 1981 698 iura-

119 736 255 771 mento
291 732 449 783 pepigi,
484 731 518 768 si
544 729 824 780 superuixero
859 729 897 767 in
922 731 1146 780 posterum,
1180 738 1242 766 me
1270 725 1444 777 prefatis
1478 726 1674 766 ecclesiis
1699 730 1741 766 et
1764 727 1981 765 canonicis

119 801 161 839 in
195 800 447 850 patrimoniis
476 810 630 851 eoi-unu
665 797 863 837 videlicet
887 796 1085 835 Budislao
1120 795 1283 834 decano
1309 797 1350 834 et
1375 795 1641 834 Theodorico
1675 795 1835 834 minime
1860 795 1981 834 noci-

119 872 263 907 turum.
313 865 444 908 Cuius
472 867 531 905 rei
551 870 683 905 testes
706 869 820 904 sunt:
855 865 1009 904 Frater
1035 865 1220 918 Uli-icus,
1246 864 1379 903 lector
1401 863 1707 915 predicatorum
1732 864 1771 903 in
1797 863 1980 904 Olmucz.

119 937 272 975 Frater
305 936 548 990 Gregorius
581 934 767 974 eiusdem
801 933 972 972 ordinis.
1008 933 1208 972 Dominus
1242 931 1405 972 Chasta
1439 932 1491 971 de
1518 931 1745 973 Clirenaw.
1782 932 1982 972 Dominus

119 1005 364 1044 'rrutwinus
398 1004 450 1043 (le
485 1004 687 1043 Heroltiz.
729 1003 929 1042 Dominus
970 1001 1116 1041 XVran
1157 1001 1209 1040 de
1244 1001 1476 1042 Othiehrib.
1518 1000 1650 1040 Bludo
1693 1000 1745 1040 de
1783 1000 1982 1041 Medritz.

119 1075 313 1113 Riwinus
354 1073 406 1112 de
447 1073 655 1123 Lippnan.
697 1070 854 1125 ceren,
896 1070 1000 1110 filius
1042 1071 1210 1109 Riwini.
1253 1071 1493 1124 Mingotus‚
1534 1070 1638 1109 ciuis
1680 1069 1982 1110 olomucensis.

119 1142 382 1182 Dohroslaus
433 1141 485 1180 de
525 1140 880 1180 U'csiechowitz.
929 1139 1125 1193 lacobus,
1175 1140 1281 1178 ciuis
1331 1138 1634 1192 olomucensis,
1675 1141 1717 1177 et
1755 1138 1823 1177 alii
1863 1147 1983 1189 quam

120 1211 260 1262 plures
304 1209 381 1249 fide
415 1210 548 1264 (ligni.
612 1210 666 1249 Et
705 1213 748 1248 ut
780 1207 944 1259 prefata
984 1209 1118 1247 omnia
1152 1207 1398 1246 inconuulsa
1433 1210 1717 1260 permaneant,
1759 1207 1982 1257 presentes

121 1280 251 1318 scribi
291 1277 387 1331 soci,
422 1283 463 1318 et
503 1278 634 1331 sigilli
667 1278 746 1317 mei
786 1278 1004 1316 munimine
1046 1277 1249 1315 roborari.
1313 1277 1462 1315 Actum
1503 1280 1544 1315 et
1584 1275 1719 1314 datum
1752 1275 1795 1314 in
1826 1274 1980 1315 Stern-

121 1347 248 1401 berg.
282 1348 405 1386 Anno
440 1347 642 1385 dominice
676 1346 976 1384 incarnationis
1016 1343 1353 1385 MCCLxxxl.
1388 1344 1442 1382 V.
1476 1343 1576 1382 Idus
1609 1343 1808 1382 Ianuarii.

435 1445 486 1477 Ex
512 1444 739 1476 Annalibus
765 1442 945 1475 (ii-adice
957 1443 1100 1474 usibus
1125 1441 1232 1474 MSS.
1257 1443 1390 1483 saepius
1416 1443 1536 1473 citatis.

938 1608 1162 1649 CLXXX.

131 1713 405 1763 l'l'ladislans·5
432 1712 526 1752 dux
553 1712 743 1764 Opole‘ae,
771 1711 936 1764 confert
952 1711 1083 1762 fratri
1102 1709 1319 1761 Cumado,
1339 1709 1777 1749 Praemonstratensis
1801 1707 1981 1760 ordinis,

184 1782 241 1821 (ed
278 1782 508 1821 clauso-mn
548 1779 856 1832 aedilis-andum
897 1782 1058 1818 centnm
1099 1790 1270 1818 manso-s·
1304 1781 1420 1817 circa
1453 1779 1653 1818 terminos
1685 1777 1921 1817 Moraviae.

582 1850 655 1889 m.
689 1850 733 1888 in
765 1846 957 1899 Rctlibor,
990 1847 1138 1887 Idibus
1170 1848 1333 1898 ,nm-cii,
1374 1846 1525 1887 1281.

297 1942 355 2002 In
391 1961 552 1999 nomine
587 1959 734 1999 domini
768 1970 901 1998 amen.
943 1957 1144 2007 Quoniam
1179 1962 1349 2009 propter
1380 1961 1555 1997 tractum
1582 1956 1777 2007 temporis
1809 1955 1981 2010 longeui

124 2030 267 2080 sepius
302 2028 453 2068 defficit
486 2028 730 2068 sufficientia
767 2028 1037 2081 probationis⁷
1070 2031 1112 2067 et
1144 2028 1198 2066 sit
1224 2028 1384 2066 veritas
1418 2025 1609 2066 salsitatis
1643 2026 1820 2078 inimica,
1854 2024 1983 2075 pluri-

125 2110 226 2137 mum
261 2099 299 2136 in
334 2098 495 2136 dubium
531 2101 768 2149 reuocatur7
801 2098 837 2135 si
863 2097 1089 2136 litterarum
1123 2096 1355 2135 testimonio
1379 2095 1446 2134 vel
1480 2095 1642 2134 testium
1676 2093 1983 2143 subscriptione

125 2166 300 2203 lucidius
342 2177 421 2204 non
457 2166 689 2205 roboratur.
754 2166 902 2204 Notum
943 2166 998 2204 sit
1031 2166 1162 2219 igitur
1203 2164 1414 2204 vniucrsis
1448 2168 1527 2202 tam
1562 2162 1832 2214 presentibus
1865 2171 1983 2212 quam

124 2231 287 2286 suturis,
328 2233 435 2271 lianc
471 2235 666 2287 pag-inam
707 2234 974 2287 inspectui-is,
1017 2233 1126 2285 quod
1166 2231 1556 2282 nosJWacltsIaus,
1599 2230 1664 2270 dei
1706 2230 1858 2284 gracia
1892 2227 1984 2267 dax

126 2302 177 2341 de
211 2302 322 2353 Opol
359 2313 447 2340 cum
481 2313 690 2341 consensu
733 2306 774 2341 et
806 2302 1018 2342 uoluntate
1061 2302 1212 2341 dilecto
1245 2301 1442 2354 coniugis
1482 2303 1627 2339 nostre
1660 2299 1871 2351 Eufemie,
1905 2307 1982 2336 nec

126 2383 207 2411 non
242 2375 283 2410 ot
316 2369 482 2408 tiliorum
524 2374 754 2409 nostrorum
788 2372 935 2410 cultum
976 2370 1042 2409 dei
1078 2372 1221 2421 pocius
1261 2370 1415 2424 augeri
1449 2370 1668 2419 cupientes
1709 2378 1829 2418 quam
1861 2364 1982 2404 minui

127 2440 178 2479 01)
214 2439 497 2479 remissionem
534 2442 762 2477 nostrorum
799 2444 1062 2489 peccatorum
1104 2439 1195 2478 viro
1230 2438 1403 2489 prouido
1437 2449 1488 2476 ac
1522 2437 1671 2476 deuoto
1701 2433 1831 2486 [ναῖ’-ἱ
1863 2432 1981 2472 Oun-

125 2508 233 2546 rado
274 2510 311 2545 el
341 2508 430 2545 suis
472 2506 756 2557 coiosi·alril101.s·
789 2507 952 2546 ordinis
990 2507 1386 2558 premonstratensis
1426 2505 1477 2544 de
1508 2504 1657 2555 reyula
1690 2501 1724 2539 b.
1758 2499 1983 2549 ,wauslini

127 2576 314 2615 dedimus
348 2580 389 2614 et
416 2575 658 2613 contulimus
691 2579 852 2613 centum
887 2574 1155 2614 franconicos
1188 2586 1355 2614 mansos
1384 2584 1562 2627 magnos
1596 2583 1619 2609 a
1654 2568 1836 2608 terminis
1870 2566 1980 2619 ville,
