2138 2845
935 174 1039 215 365

60 321 163 362 viris
195 319 357 359 idoneis
388 317 596 360 Lvdun'co
634 322 675 358 et
707 317 909 368 Hem-ico,
951 316 1074 356 etiam
1116 313 1279 367 Opauie
1320 312 1495 367 ciuibus,
1538 325 1611 364 pro
1644 313 1729 353 ΧΠ
1763 313 1912 352 marcis

59 389 231 444 argenti
273 388 361 439 puri
402 387 586 440 vendidi,
634 389 676 426 et
715 397 852 425 coram
895 384 1082 435 predicte
1128 383 1226 422 ville
1268 393 1358 421 mee
1401 382 1605 421 Hoschitz
1649 382 1795 421 incolis
1838 393 1913 433 per

57 461 190 498 metas
223 457 384 496 debitas
417 456 683 510 consignaui,
717 454 896 505 dedique
930 454 1031 505 ipsis
1065 455 1106 492 et
1139 463 1277 491 eorum
1301 451 1623 489 successoribus
1657 450 1912 489 hereditarie

57 525 366 578 possidendum.
428 526 551 565 Hanc
593 528 729 563 tamen
769 522 1014 562 conditionis
1054 519 1261 560 formulam
1300 518 1538 558 notabiliter
1586 518 1826 572 inserendo,
1868 520 1913 557 vt

58 594 236 645 predicti
276 594 354 634 viri
395 593 628 633 Lvdwicus
669 595 710 630 et
749 591 960 630 Heni-icus
1004 599 1199 629 eorumue
1242 598 1518 627 successores
1560 597 1639 625 nec
1682 588 1722 625 in
1756 587 1911 625 steuris

58 673 138 702 nec
170 664 212 702 in
243 661 536 702 exactionibus
575 671 655 700 nec
689 660 728 699 in
763 660 966 710 petitoriis
999 658 1261 697 donationum
1300 655 1498 695 subsidiis
1531 666 1667 707 neque
1701 656 1741 694 in
1774 655 1912 706 aliqua

57 731 139 770 alia
172 731 337 781 penitus
371 729 576 768 solutione
609 729 755 768 incolis
781 729 943 780 inquam
975 727 1073 766 ville
1100 726 1304 766 Hoschitz
1337 727 1566 779 ingruente
1599 724 1719 763 michi
1752 724 1911 763 meisve

58 799 379 850 quibuscunque
411 798 734 837 successoribus
766 798 848 837 sint
880 797 1063 847 astricti,
1102 797 1179 835 nisi
1223 794 1330 846 quod
1364 794 1546 848 singulis
1580 794 1699 832 annis
1733 794 1772 832 in
1804 791 1913 832 festo

56 867 169 907 beati
189 866 364 907 Martini
398 879 519 908 vnum
552 865 826 906 tantummodo
855 863 1054 904 fertonem
1089 864 1259 918 argenti
1287 863 1376 914 puri
1409 862 1486 901 sub
1513 862 1664 901 tributo
1699 861 1911 900 censualis

55 934 183 974 debiti
216 935 269 974 de
301 933 441 974 feneto
475 935 566 974 siue
599 938 718 986 prato
753 933 970 984 prehabito
1003 932 1123 971 michi
1157 932 1224 971 vel
1258 932 1358 971 meis
1384 931 1707 970 successoribus
1741 929 1910 968 soluere

54 1005 290 1042 teneantur.
353 1003 400 1042 In
433 1002 554 1042 huius
597 1003 656 1042 rei
691 1002 962 1041 testimonium
1004 1004 1239 1051 presentem
1281 1001 1478 1054 paginam
1511 1011 1600 1039 meo
1634 999 1776 1052 sigillo
1809 1010 1910 1049 pro-

56 1072 145 1122 prio
169 1072 425 1110 communiui.
472 1072 573 1111 Item
606 1071 657 1110 ad
683 1069 918 1120 ampliorem
946 1068 1130 1107 eiusdem
1158 1069 1217 1107 rei
1247 1077 1374 1122 geste
1399 1068 1721 1120 prouidenciam,
1755 1074 1911 1106 certum

55 1143 173 1179 certo
206 1140 431 1193 cumulans,
464 1140 573 1179 hanc
614 1140 788 1178 litteram
827 1138 972 1191 sigillo
1013 1137 1191 1176 ciuitatis
1233 1137 1395 1187 Opauie
1436 1136 1644 1175 roborani.
1709 1135 1910 1174 'restibus

53 1208 317 1262 subscriptis,
350 1220 519 1260 quorum
553 1208 618 1247 hic
653 1208 813 1246 nomina
847 1207 1129 1245 continentur:
1165 1205 1314 1258 Goblo,
1347 1206 1540 1257 Iacobus,
1574 1203 1770 1257 Sisi-idus,
1808 1204 1910 1242 wi-

54 1277 232 1330 nanduS,
266 1277 405 1316 villani
440 1277 492 1316 de
519 1276 735 1316 Hoscliitz.
769 1276 995 1314 Heinricus
1016 1273 1163 1327 Colbo,
1191 1274 1419 1313 aduncatus
1449 1274 1622 1324 Opauie.
1649 1273 1909 1325 Fridericus,

53 1344 268 1396 Aibertus,
303 1344 584 1396 Giselbertus,
616 1344 767 1396 Rudlo,
801 1343 998 1382 consules
1033 1342 1206 1393 Opauie.
1240 1343 1406 1393 Petrus,
1429 1342 1737 1392 Sidelniannus,
1772 1341 1909 1379 Hein-

52 1413 181 1466 ricus,
214 1411 450 1465 Conradus,
483 1413 645 1452 scabini
680 1412 853 1463 Opauie.
888 1411 1086 1451 Nicolaus
1121 1411 1173 1449 de
1207 1410 1328 1463 Niza,
1371 1410 1596 1449 Heinricus
1631 1410 1682 1448 de
1715 1409 1909 1462 Strigon,

52 1482 170 1522 ciues
197 1481 371 1534 Opauie.
419 1483 528 1522 Acta
554 1486 650 1521 sunt
671 1480 752 1520 hec
779 1492 887 1519 anno
912 1479 1214 1519 incarnationis
1239 1478 1441 1518 dominice
1464 1476 1910 1518 MCCLxxxvull.

362 1579 416 1612 Ex
439 1579 635 1621 originali
659 1580 689 1610 in
713 1578 848 1611 archivo
872 1579 1058 1610 monasterii
1083 1576 1341 1619 Opaviensis
1366 1586 1392 1607 S.
1418 1575 1577 1608 Clarae.

812 1743 1140 1785 CCLxxxlx.

54 1847 356 1900 Theodericus,
397 1849 620 1900 episcopus
654 1847 960 1898 olomucensis,
1002 1844 1192 1885 concedit
1228 1844 1364 1884 abban·
1397 1844 1716 1883 Brewnoriensz‘
1756 1845 1798 1882 in
1831 1856 1909 1882 sua

82 1916 265 1957 dioecese·
296 1929 419 1956 usum
451 1916 626 1969 infulae.
674 1917 747 1956 Dc.
780 1916 824 1954 in
856 1914 1064 1965 ,vods-icc,
1105 1913 1150 1954 1⁷.
1184 1912 1407 1953 Kalendas
1440 1912 1686 1963 Februarii,
1728 1912 1877 1952 1290.

197 2009 525 2080 Theodericus,
574 2027 640 2066 dei
683 2026 835 2079 gracia
884 2024 1171 2064 olomucensis
1220 2024 1457 2074 episcopus.
1522 2022 1766 2061 Honorabili
1816 2023 1905 2061 viro

53 2096 237 2147 Bauaro,
270 2095 503 2134 venerabili
536 2095 675 2134 abbati
715 2094 952 2133 monasterii
986 2094 1346 2144 Brewnowensis,
1389 2091 1544 2131 ordinis
1587 2092 1721 2130 sancti
1763 2092 1907 2130 Bene-

53 2163 165 2217 dicti,
197 2163 438 2217 Pragensis
471 2163 682 2216 dyocesis,
715 2163 888 2202 salutem
928 2166 970 2200 et
1002 2162 1207 2201 sinceram
1252 2163 1290 2200 in
1325 2160 1485 2199 domino
1518 2160 1750 2199 karitatem.
1816 2160 1906 2199 Etsi

51 2232 105 2271 de
136 2232 228 2271 iure
252 2235 294 2271 et
321 2231 558 2285 priuilegiis
582 2232 766 2271 ecclesie
798 2235 943 2270 vestre
968 2231 1317 2269 Brewnowensis
1350 2234 1391 2268 et
1414 2228 1716 2268 consuetudine
1744 2228 1905 2267 diucius

50 2300 276 2340 obseruata
329 2301 370 2339 in
414 2299 717 2350 Rayqradensa·
761 2300 1027 2351 monasterie,
1075 2303 1217 2338 nostre
1266 2298 1555 2337 olomucensis
1602 2297 1814 2349 dyocesis,
1866 2297 1904 2334 in

49 2368 336 2420 spiritualibus
375 2371 418 2408 et
449 2368 742 2419 temporalibus
782 2368 901 2406 uobis
934 2367 1139 2419 subiecto,
1182 2367 1349 2417 possitis
1389 2367 1447 2406 uti
1487 2368 1527 2405 in
1569 2367 1719 2405 diuinis
1758 2364 1902 2404 olliciis

50 2435 179 2477 insula
211 2440 252 2476 et
276 2437 369 2476 aliis
401 2437 599 2489 insigniis
625 2435 926 2487 pontificalibus
951 2437 1065 2475 iuxta
1090 2441 1277 2475 tenorem
1306 2440 1535 2475 vestrorum
1562 2435 1900 2487 priuilegiorum3

51 2516 128 2545 nos
161 2510 296 2545 tamen
331 2505 522 2544 volentes
556 2510 724 2555 propter
760 2510 901 2543 vostre
943 2505 1085 2543 merita
1125 2504 1339 2555 probitatis
1374 2516 1423 2543 ac
1458 2505 1601 2543 intuitu
1636 2501 1900 2553 consangui-

51 2573 205 2627 nitatis,
250 2585 330 2626 qua
371 2580 505 2613 mutuo
546 2585 685 2612 sumus
733 2573 960 2623 constricti,
1003 2579 1183 2612 vestram
1230 2584 1446 2623 personam
1497 2573 1646 2626 gracia
1697 2570 1900 2621 prosequi
