2138 2845
1045 180 1111 219 99

149 324 347 378 uirgultis
381 334 458 363 nec
492 324 532 362 in
565 323 700 362 uineis
733 322 854 362 cultis
887 322 953 361 uel
987 322 1151 360 incultis
1184 320 1259 360 sed
1294 320 1423 359 solum
1457 320 1496 359 in
1529 322 1684 371 campis
1715 321 1895 361 desertis
1929 334 2006 372 pa-

150 397 336 433 scentur.
376 393 414 431 id
455 396 590 431 tamen
634 404 713 430 non
755 391 807 430 de
848 393 937 430 iure
971 390 1045 430 sed
1080 391 1233 443 gracia
1273 389 1461 441 speciali7
1502 390 1596 439 quia
1637 400 1691 428 ex
1731 390 1819 428 iure
1854 391 2006 429 scimus

149 461 378 512 predictam
426 460 646 500 ecclesiam
695 472 720 498 a
769 460 907 510 primis
954 457 1229 498 fundamentis
1268 457 1407 496 taliter
1446 456 1660 495 habuisse.
1717 458 1845 497 Simili
1887 460 2009 497 etiam

149 529 267 569 modo
311 540 466 580 pecora
512 529 607 567 uille
647 527 881 578 Scillaspiz
930 529 969 566 in
1011 539 1154 577 campo
1202 527 1350 565 ciuium
1392 525 1668 576 predictorum
1712 527 1820 578 quod
1861 527 2010 565 dicitur

148 596 468 637 Bruclferewclt
505 600 743 647 pascentur.
808 596 925 635 Pena
969 606 1132 647 quoque
1173 595 1278 634 illius
1319 595 1386 645 qui
1426 599 1570 634 contra
1612 595 1702 633 iura
1745 595 1933 645 predicta
1968 599 2010 634 et

149 669 333 705 nostrum
372 665 584 704 arbitrium
632 664 819 715 predicto
860 666 1112 704 monasterio
1155 663 1340 702 damnum
1383 662 1588 702 hactenus
1628 661 1775 702 facere
1817 675 2010 714 presum-

149 734 295 786 pserit7
336 733 500 773 scilicet
542 733 582 771 in
622 732 822 783 predictis
861 733 1177 784 piscationibus7
1211 732 1342 783 siluis,
1374 732 1586 785 uirgultis,
1621 733 1756 771 vineis
1790 733 1911 771 cultis
1946 733 2012 771 uel

148 801 329 854 incultis,
362 801 490 852 primo
526 812 598 852 pro
626 802 876 840 contumatia
910 801 1069 840 domino
1102 801 1257 853 abbati7
1291 804 1333 839 et
1360 804 1580 850 prenotate
1614 801 1798 839 ecclesie
1832 801 2012 852 quinque

147 869 305 909 talenta
339 869 496 909 usualis
529 873 692 909 monete
725 870 893 909 soluere
926 869 1146 909 tenebitur.
1202 869 1381 919 Insuper
1414 868 1466 907 de
1500 868 1675 919 dampno
1708 869 1820 907 illato
1854 880 2012 908 secun-

149 936 242 976 dum
291 937 400 988 quod
454 938 545 977 eius
599 938 810 989 quantitas
863 939 1123 977 estimabitur
1176 936 1465 976 satisfactione
1523 938 1711 988 plenaria
1762 938 2010 977 emendabit.

147 1005 250 1045 Item
291 1006 526 1057 quicunque
566 1007 764 1046 terminos
805 1018 1004 1060 agrorum
1058 1018 1162 1056 quos
1203 1006 1389 1044 homiues
1431 1006 1614 1044 ecclesie
1654 1006 1864 1044 Lucensis
1908 1017 2013 1045 con-

148 1074 294 1127 tiguos
328 1073 485 1113 habent
517 1085 606 1113 cum
629 1074 805 1127 ciuibus7
838 1075 1038 1113 iniuriose
1064 1074 1381 1112 transultauerit
1405 1073 1470 1111 vel
1496 1074 1711 1112 deal-ando
1737 1074 2011 1126 subtraxerit,

147 1141 338 1193 predicte
372 1153 480 1192 pene
513 1152 632 1193 quam
664 1143 879 1181 statuimus
911 1141 1158 1180 subiacebit.
1202 1140 1343 1191 Super
1376 1141 1455 1179 ista
1488 1142 1622 1178 omnia
1656 1141 1843 1179 dominus
1877 1142 2012 1180 abbas

149 1209 203 1248 de
241 1210 415 1248 consilio
461 1213 604 1248 nostro
650 1220 725 1259 pro
770 1209 1034 1263 longeuitate
1084 1209 1254 1247 illustris
1296 1208 1444 1247 domini
1486 1210 1614 1247 nostri
1658 1210 1800 1263 Regis
1842 1210 2012 1249 Boemie

147 1277 306 1331 lignum
346 1288 422 1327 per
461 1276 568 1327 quod
608 1276 794 1315 homines
836 1277 1063 1328 predictam
1104 1288 1250 1328 aquam
1290 1280 1510 1316 transeant
1548 1277 1717 1316 indulsit
1761 1290 1842 1317 non
1876 1282 2013 1318 tamen

148 1344 228 1384 hoc
270 1345 407 1395 aliquo
449 1345 539 1383 iure
579 1341 787 1398 exigente
829 1344 905 1384 sed
945 1345 1098 1398 gracia
1139 1345 1328 1395 speciali.
1376 1345 1515 1398 Igitur
1547 1356 1796 1397 quecunque
1829 1347 2012 1397 parcium

147 1411 214 1452 his
248 1423 328 1464 que
360 1412 549 1452 arbitrati
582 1423 721 1451 sumus
754 1412 1057 1452 contradixerit
1090 1413 1209 1451 nobis
1243 1417 1285 1452 et
1318 1413 1423 1463 parti
1458 1413 1641 1452 aduerse
1682 1415 1721 1453 in
1757 1415 1811 1453 X.
1844 1415 2013 1453 talentis

146 1481 355 1521 tenebitur
395 1481 672 1520 morauiensis
712 1481 909 1532 ponderis
957 1484 999 1520 et
1046 1485 1221 1521 monete.
1292 1482 1348 1520 Et
1393 1484 1436 1520 ut
1482 1483 1562 1521 ista
1608 1486 1699 1522 rata
1743 1488 2014 1534 permaneant

148 1553 272 1600 atque
312 1547 439 1602 firma,
485 1549 628 1603 sigillo
679 1549 825 1588 domini
873 1549 1039 1589 abbatis
1080 1554 1121 1589 et
1161 1551 1317 1604 sigillis
1357 1552 1527 1604 nostris7
1569 1554 1611 1590 et
1650 1552 1793 1605 sigillo
1835 1553 2014 1590 ciuitatis

147 1617 300 1668 placuit
331 1618 536 1656 roborari.
601 1618 751 1657 Datum
786 1619 825 1656 in
858 1618 1033 1668 Znoym.
1090 1619 1214 1657 Auno
1249 1618 1397 1658 domini
1432 1618 1799 1660 M.CC.LXX11.
1865 1621 1910 1658 In
1945 1620 2012 1659 die

146 1685 270 1725 Beati
310 1686 455 1740 Egidij
504 1686 668 1725 abbatis
718 1687 985 1736 presentibus
1034 1687 1273 1725 Ranocerio
1321 1687 1522 1738 quondam
1564 1687 1763 1726 Zudario.
1815 1685 1893 1725 filio
1936 1699 2013 1727 suo

147 1753 280 1804 Lupo.
313 1754 505 1793 Iarozlao
533 1754 584 1793 de
607 1754 786 1793 Kneniz.
822 1752 1018 1795 Conrado
1043 1755 1272 1794 Murcerio.
1306 1755 1525 1795 Friderico
1552 1756 1755 1807 quondam
1783 1755 2014 1795 Lantrich-

147 1824 266 1861 terio.
306 1823 569 1862 Buhossone.
612 1823 836 1876 Nagrado.
876 1824 1070 1863 Rissone.
1104 1822 1308 1865 Cvnzone
1341 1823 1393 1864 de
1428 1825 1537 1865 vitis.
1575 1824 1819 1864 Doberlone
1851 1824 2014 1864 ciuibus

148 1889 201 1929 de
234 1890 395 1942 Znoym
428 1895 471 1931 et
502 1892 597 1931 aliis
631 1903 750 1943 quam
784 1892 983 1943 pluribus.

456 1981 510 2013 Ex
545 1982 738 2022 originali
773 1983 959 2013 monasterii
987 1982 1195 2013 Lucensis
1227 1992 1298 2013 cum
1334 1983 1435 2013 tribus
1472 1982 1607 2024 sigillis,
1644 1982 1808 2014 abbatis
1844 1982 2012 2023 videlicet,

564 2033 764 2065 Radoslai
788 2037 819 2064 et
843 2032 1050 2075 Cuzkragi
1075 2034 1244 2074 appensis.

995 2165 1175 2204 LXVII.

146 2253 314 2303 Bruno,
349 2254 570 2306 episcopus
596 2256 903 2308 Olomucensis,
937 2259 1190 2297 monasterio
1220 2257 1516 2298 Τὶἑήουὶοεηεὶ
1549 2262 1725 2299 renovat
1755 2272 1874 2299 suam
1908 2272 2012 2299 con-

141 2321 426 2373 firmationem
447 2324 567 2375 Juris
598 2328 844 2376 patronam-3
884 2327 1160 2365 ecclesiarum
1201 2340 1232 2365 s.
1268 2327 1391 2367 Petri
1423 2328 1613 2379 Brumae,
1647 2330 1691 2367 in
1723 2329 2013 2380 Bucldqowiee

372 2393 411 2429 el
441 2392 574 2431 Βίίεὲ.
641 2393 710 2431 Dl.
747 2393 970 2445 olomucii‚
1004 2395 1090 2434 III.
1124 2395 1349 2435 Kalendas
1384 2395 1591 2448 Octobris,
1632 2397 1785 2438 1272.

293 2482 458 2543 Bruno
493 2502 558 2541 dei
593 2505 742 2556 gracia
770 2504 1030 2544 Olmucensis
1064 2507 1288 2556 episcopus
1322 2506 1484 2546 dilectis
1518 2508 1559 2546 in
1585 2506 1754 2548 Christo
1781 2507 2011 2547 Abbatisse

148 2574 190 2609 et
215 2572 436 2610 conuentui
468 2571 847 2612 Sanctimonialium
875 2574 912 2612 in
941 2574 1166 2614 Tusnowiz
1190 2603 1200 2614 .
1227 2604 1236 2614 .
1262 2587 1392 2626 usque
1415 2575 1648 2615 roborastis.
1682 2575 1817 2624 (Vide
1852 2576 1898 2614 T.
1927 2576 2011 2615 III·

1702 2641 1804 2682 13³4<
