2138 2845
949 186 1051 228 387

78 328 351 367 ecclesiarum
386 327 439 367 ab
474 328 575 378 ipsis
608 328 813 368 nobilibus
854 329 1133 380 possidentur.
1195 328 1423 369 Statuimus
1456 328 1627 379 insuper
1660 332 1702 367 et
1735 327 1932 381 uolumus,

78 398 119 436 in
144 398 236 448 ipsa
263 398 430 436 ciuitate
458 397 696 436 Brunnensi
724 398 899 436 vniones
928 398 1088 448 aliquas
1117 396 1314 436 decetero
1344 408 1426 436 non
1458 397 1620 451 haberi,
1647 397 1723 437 sed
1749 397 1933 451 singulis

77 465 227 504 diebus
267 463 345 504 sori
386 465 572 504 vniuersi
615 465 749 505 incole
791 477 1127 518 quorumcunque
1166 466 1348 505 locorum
1389 477 1479 505 cum
1519 467 1605 505 suis
1638 466 1847 506 mercibus
1881 465 1934 505 ad

77 536 206 585 ipsam
249 535 457 573 ciuitatem
499 534 632 573 libere
674 534 892 574 accedant.
955 535 1063 574 Aliis
1110 546 1213 574 vero
1260 534 1408 574 diebus
1454 534 1601 574 accole
1641 535 1681 574 in
1723 535 1934 575 suburbiis

77 602 259 641 ciuitatis
307 601 490 641 eiusdem
539 606 753 641 manentes
794 603 832 641 in
873 604 964 653 ipsa
1004 603 1173 648 ciuitate
1220 605 1402 642 tractent
1440 603 1574 642 libere
1616 614 1780 642 merces
1821 615 1935 643 suas.

76 670 229 710 Liceat
253 675 448 721 preterea
475 670 595 709 dictis
623 671 775 709 nostris
800 671 974 724 ciuibus,
999 675 1042 710 ut
1068 681 1208 710 eorum
1242 682 1317 722 per
1340 671 1419 710 hec
1445 671 1655 710 commoda
1682 673 1933 722 perpensius

75 743 332 792 augeantur,
372 739 463 778 illos
503 739 728 793 predones,
769 741 836 791 qui
877 741 916 779 in
956 741 1081 779 terris
1120 741 1276 779 nostris
1316 739 1425 779 nulla
1466 739 1641 779 dominia
1681 751 1761 779 nec
1795 741 1934 792 aliqua

77 807 184 846 bona
225 807 440 846 immobilia
489 808 716 861 possident,
758 812 926 859 propter
967 819 1175 847 excessus
1224 808 1405 858 ipsorum
1455 809 1655 861 notorius,
1704 809 1771 860 qui
1821 809 1933 849 nulla

75 876 448 929 tergiuersacione
481 876 611 915 celari
645 881 832 930 possunt,
866 878 906 916 in
933 878 1102 916 ciuitate
1136 878 1226 928 ipsa
1259 877 1392 916 libere
1425 887 1635 927 occupare
1669 881 1711 917 et
1742 877 1933 916 detincre

76 943 130 983 ad
163 944 428 983 obtinendam
461 946 661 984 iusticiam
696 945 748 984 de
781 946 896 996 ipsis.
937 947 983 985 In
1019 958 1188 997 quorum
1223 946 1395 985 omnium
1428 946 1699 985 testimonium
1734 949 1776 985 et
1808 947 1935 986 robur

76 1017 278 1064 perpetuo
307 1013 542 1053 duraturum
570 1020 792 1065 presentes
814 1012 915 1067 fieri,
942 1019 983 1054 et
1009 1014 1241 1068 sigillorum
1265 1018 1498 1054 nostrorum
1519 1014 1736 1053 munimine
1761 1012 1935 1054 fecimus

77 1081 306 1120 liberaliter
345 1083 595 1121 communiri.
660 1084 809 1122 Datum
852 1084 1022 1122 Brunne
1064 1095 1139 1134 per
1178 1095 1322 1122 manus
1364 1083 1558 1136 magistri
1599 1082 1813 1135 Iohannis,
1847 1083 1934 1123 Sa-

75 1150 218 1189 censis
253 1151 464 1201 prepositi.
505 1151 627 1190 Anno
653 1151 800 1190 domini
833 1152 1059 1204 millesimo,
1085 1151 1383 1203 ducentesimo,
1407 1152 1699 1205 nonagesimo,
1733 1151 1933 1191 secundo.

75 1218 151 1257 111.
185 1218 286 1258 Idus
318 1219 484 1258 Marcii.
517 1219 763 1259 Indictionis
797 1220 951 1271 quinte.

385 1317 440 1348 Ex
464 1317 666 1359 originali
691 1317 874 1359 ejusdem
899 1319 1054 1350 civitatis.

910 1482 1107 1525 CCCIV.

76 1583 258 1624 Buds'ka
290 1584 342 1624 de
374 1584 556 1653 Louc²lfa
589 1584 793 1634 (Dabna)
834 1586 976 1626 rendit
1012 1587 1155 1626 villam
1189 1586 1475 1628 &hanso-ass
1511 1588 1720 1640 fratribus
1762 1590 1936 1629 militiae

241 1653 381 1705 templi
413 1655 456 1692 in
490 1652 747 1704 Ceykowice.
812 1655 885 1693 Dt.
918 1655 1108 1705 Brunae,
1151 1656 1237 1696 1'11
1266 1655 1372 1696 Idus
1405 1657 1582 1709 Aprilis,
1624 1657 1775 1697 1292.

247 1744 307 1805 In
341 1765 502 1803 nomine
537 1768 685 1803 sancte
728 1768 770 1803 et
803 1763 1013 1804 indiuidue
1054 1767 1263 1805 trinitatis.
1327 1767 1497 1807 Budsca
1537 1779 1625 1808 cum
1670 1768 1820 1810 dilecto
1853 1767 1934 1810 filio

76 1836 219 1872 nostro
269 1832 503 1886 XVitigone
556 1832 607 1871 de
652 1832 826 1872 Luscha
866 1844 1046 1884 presens
1087 1836 1284 1885 scriptum
1325 1836 1579 1887 inspecturis
1627 1838 1815 1877 omnibus
1857 1840 1935 1877 im-

79 1906 334 1952 perpetuum.
387 1900 589 1949 Quoniam
622 1902 794 1940 omnium
828 1902 988 1942 habere
1022 1904 1255 1943 memoriam
1290 1905 1434 1955 pocius
1467 1908 1533 1943 est
1565 1904 1774 1959 diuinitas,
1808 1918 1930 1957 qvam

76 1970 323 2023 humanitas,
372 1970 464 2009 ideo
512 1971 721 2009 conscribi
769 1969 925 2023 solent,
974 1982 1057 2022 qve
1104 1976 1311 2025 aguntur,
1360 1984 1413 2012 ne
1461 1973 1655 2012 obliuioni
1703 1974 1934 2014 tradantur.

76 2038 238 2078 Noscat
277 2039 408 2092 igitur
447 2042 526 2077 tam
572 2048 748 2088 presens
790 2042 896 2090 etas,
938 2050 1059 2089 qvam
1103 2040 1141 2078 in
1185 2039 1356 2080 Christo
1397 2052 1652 2081 successura
1693 2044 1933 2096 posteritas,

77 2105 187 2157 qvod
221 2112 369 2156 sponte
405 2107 569 2156 propria
604 2110 644 2144 et
678 2105 807 2144 libera
842 2106 1053 2145 voluntate
1083 2108 1182 2146 viris
1217 2108 1542 2163 honorabilibus,
1576 2108 1692 2150 fratri
1725 2111 1935 2163 Eccleom',

76 2175 396 2213 commendatori
443 2181 485 2212 et
533 2172 752 2212 cruciferis
803 2174 854 2213 de
908 2175 1187 2225 Cleeycouicz,
1239 2177 1372 2216 villam
1422 2182 1605 2218 nostram
1646 2178 1936 2220 Schonslraze

77 2242 338 2282 vendidimus
380 2254 453 2292 pro
488 2246 649 2280 centum
690 2243 995 2296 qvinquaginta
1036 2249 1077 2283 et
1109 2246 1290 2295 qvinque
1323 2248 1475 2285 marcis
1516 2248 1606 2297 puri
1639 2249 1809 2301 argenti
1845 2260 1934 2288 cum

76 2311 235 2350 iuribus
269 2316 310 2350 et
331 2310 582 2349 adtinenciis
616 2311 826 2349 vniuersis
850 2317 1051 2362 perpetuo
1084 2314 1176 2351 sine
1202 2314 1461 2364 impeticione
1486 2316 1657 2355 omnium
1678 2316 1934 2357 hereditario

76 2379 382 2430 possidendam.
446 2379 740 2418 Promittcntes
789 2379 920 2419 eidem
969 2382 1061 2420 seni
1110 2382 1298 2421 Ecchoni
1339 2386 1380 2422 et
1420 2382 1640 2424 cruciferis
1687 2385 1933 2439 prenotatis,

76 2447 208 2499 ipsam
244 2448 376 2487 villam
404 2449 520 2487 iuxta
553 2452 668 2487 terre
697 2449 1038 2489 consuetudinem
1064 2456 1161 2490 ante
1195 2452 1349 2491 amicos
1375 2456 1541 2493 nostros
1573 2464 1650 2493 seu
1677 2453 1933 2503 impetitores

77 2516 283 2567 quoslibet
315 2517 529 2556 libertare.
592 2517 640 2557 Si
674 2524 809 2556 autem
845 2517 953 2557 lianc
987 2519 1219 2559 libertatem
1252 2519 1421 2561 ellicere
1456 2534 1537 2562 non
1572 2532 1790 2573 possemus
1825 2533 1933 2572 qvo-

77 2596 244 2637 cunqve
278 2586 407 2634 modo,
443 2585 547 2637 quod
584 2598 663 2626 non
699 2585 919 2640 credimus,
960 2587 1012 2626 ab
1047 2588 1126 2627 hoc
1161 2589 1445 2641 impedimento
1480 2590 1679 2643 predictis
1712 2588 1932 2629 cruciferis

1613 2655 1725 2697 49ἠὲ
