2138 2845
994 192 1085 232 161

972 333 1110 376 CXV.

106 433 272 484 Bruno,
306 433 528 484 episcopus
553 426 860 480 olomucensis9
891 431 1157 481 protestatur,
1181 426 1419 469 cadoldum
1452 425 1504 466 de
1528 427 1753 466 Mtroslaw
1785 427 1965 465 cessisse

168 501 220 541 dc
240 502 345 554 jure
375 502 622 552 patronatus
655 499 859 539 ecclesiae
890 499 935 537 in
968 496 1279 537 Troskotowice
1309 496 1563 535 monasterio
1600 495 1905 535 Oslowanenst.

427 571 497 608 m.
532 569 575 607 in
609 566 850 618 Pus-tornet,
890 566 1014 606 VIII.
1046 565 1152 605 Idus
1184 563 1457 617 Septembris,
1496 563 1648 604 1275.

252 662 419 722 Brvno
446 679 512 717 dei
539 679 691 732 gracia
713 677 1031 717 Olomuncensis
1049 676 1246 715 Ecclesie
1271 676 1509 727 Episcopus
1536 674 1762 715 Vniuersis
1789 673 1841 714 ad
1868 685 1972 726 quos

110 760 288 801 presens
338 751 533 797 scriptum
586 747 806 785 deuenerit
846 746 1019 784 salutem
1065 745 1108 783 in
1150 744 1324 784 domino.
1388 744 1662 784 Exhibitione
1710 743 1972 794 presencium

108 821 244 857 notum
277 827 377 855 esse
413 815 600 854 volumus
634 815 858 853 vniuersis.
893 814 1000 865 quod
1035 825 1123 852 cum
1159 814 1321 864 questio
1356 814 1463 853 inter
1488 813 1758 852 Abbatissam
1792 811 1844 852 de
1878 811 1973 849 ozza

110 891 150 924 et
183 897 298 924 suum
324 882 583 924 Conuentum
617 894 673 921 ex
699 895 780 921 vna
815 887 945 933 parte.
973 886 1014 921 et
1041 881 1277 923 cadoldum
1305 880 1423 920 filium
1448 881 1598 920 domini
1628 881 1814 920 Ekhardi
1839 881 1974 920 militis

109 953 205 992 dicti
240 952 442 1004 quondam
476 951 528 990 de
560 952 800 991 Miro-zlava*
841 955 883 990 et
917 952 1117 990 dominum
1152 951 1380 989 Zmilonem
1415 950 1466 989 de
1500 950 1666 990 Bilkow
1700 950 1973 1003 purgrauium

109 1021 412 1060 Vetouiensem
447 1021 576 1071 ipsius
599 1018 776 1060 Cadoldi
800 1024 975 1059 tutorem
1001 1030 1164 1058 necnon
1199 1019 1399 1057 dominum
1430 1018 1690 1057 Ilartliebum
1716 1019 1768 1058 de
1795 1016 1975 1057 Miszel-

110 1090 227 1130 boriz
261 1094 446 1141 patruum
480 1090 612 1140 ipsius
646 1087 822 1129 Cadoldi
857 1100 913 1127 ex
946 1088 1078 1127 altera
1112 1099 1240 1137 super
1279 1088 1377 1126 lvre
1412 1091 1655 1138 patronatus
1690 1087 1888 1126 Ecclesie
1921 1086 1974 1125 de

109 1158 341 1199 Droskwiz
383 1162 623 1197 verteretur
655 1157 821 1196 tandem
862 1157 1049 1207 partibus
1081 1157 1275 1209 grauiter
1307 1154 1469 1194 afflictis
1502 1159 1543 1194 et
1576 1156 1726 1194 attritis
1759 1155 1974 1194 laboribus

110 1234 153 1268 et
185 1228 386 1277 expensis
410 1227 638 1276 comparuit
669 1236 808 1263 coram
836 1225 955 1263 nobis
981 1225 1116 1264 dictus
1142 1224 1355 1265 Cadoldus
1379 1224 1659 1275 personaliter
1681 1235 1771 1263 cum
1794 1224 1975 1274 ydoneis

109 1297 272 1336 nunciis
305 1305 380 1334 sue
415 1295 545 1344 partis
579 1296 620 1332 et
653 1296 909 1343 protestatus
943 1297 1009 1332 est
1041 1294 1139 1333 viua
1172 1304 1279 1332 uoce
1321 1292 1429 1344 quod
1463 1293 1555 1343 ipse
1589 1292 1767 1343 pleniter
1799 1292 1975 1331 edoctus

110 1364 371 1403 donationem
405 1362 516 1401 Ivris
541 1365 787 1412 patronatus
819 1361 1017 1400 Ecclesie
1051 1362 1091 1400 in
1116 1361 1344 1400 Droskwiz
1378 1372 1478 1400 esse
1505 1358 1656 1400 factam
1690 1372 1714 1399 a
1747 1372 1823 1399 suo
1858 1364 1977 1411 patre

109 1431 311 1473 Ekhardo
350 1431 474 1470 milite
515 1430 717 1482 qnondam
767 1430 876 1469 dicto
917 1430 970 1469 de
1009 1429 1245 1468 Mirozlaus
1293 1429 1492 1469 Ecclesie
1540 1430 1581 1468 in
1622 1429 1725 1469 Ozla
1776 1441 1894 1480 quam
1938 1429 1977 1467 ei

110 1498 350 1554 infringere
383 1499 551 1538 nolebat
574 1499 649 1538 sed
684 1502 829 1549 pocius
855 1499 1044 1552 legitime
1078 1509 1176 1537 esse
1210 1496 1360 1536 factam
1392 1498 1646 1552 recognouit
1678 1498 1837 1537 cedens
1872 1499 1976 1537 omni

109 1569 198 1609 Ivri
231 1573 274 1608 et
297 1568 355 1608 liti
389 1567 497 1619 quod
522 1568 602 1606 sibi
637 1568 676 1606 in
702 1568 812 1606 dicte
845 1567 1043 1605 Ecclesie
1068 1566 1295 1606 Droskwiz
1321 1568 1419 1606 Ivre
1448 1571 1690 1617 patronatus
1715 1566 1978 1616 competebat

110 1637 181 1677 vel
214 1640 454 1687 competere
480 1641 625 1687 posset
658 1637 696 1674 in
722 1634 897 1674 futurum
932 1635 1081 1674 nuncio
1108 1636 1171 1673 sui
1206 1636 1352 1674 tutoris
1379 1635 1573 1674 videlicet
1603 1635 1750 1674 domini
1777 1635 1977 1673 Zmilonis

112 1706 331 1759 purgrauii
375 1706 634 1744 vetouiensis
683 1709 725 1743 et
765 1705 896 1742 eciam
935 1703 1069 1753 patrui
1117 1704 1182 1741 sui
1224 1703 1371 1742 domini
1412 1703 1621 1742 Ilartliebi
1662 1703 1741 1741 hoc
1782 1702 1887 1741 idem
1937 1703 1978 1741 in

112 1779 256 1814 nostra
283 1774 506 1824 presencia
533 1777 773 1812 attestante.
823 1772 888 1810 Ne
914 1772 1046 1824 igitur
1079 1774 1249 1822 propter
1276 1772 1469 1810 malorum
1504 1772 1705 1810 bominum
1738 1771 1978 1810 voluntates

112 1843 289 1883 alicuius
338 1843 568 1893 calumpnie
616 1842 766 1881 vicium
809 1841 875 1880 vel
917 1840 1126 1879 discordie
1166 1851 1294 1890 super
1337 1841 1539 1891 premisso
1582 1841 1681 1879 Ivre
1731 1843 1976 1890 patronatus

113 1911 312 1951 Ecclesie
345 1910 574 1950 Droskwiz
604 1915 748 1961 posset
782 1911 820 1948 in
846 1914 1052 1960 posterum
1086 1922 1111 1948 a
1137 1921 1338 1960 quoquam
1368 1910 1523 1947 exoriri
1550 1912 1788 1959 presentem
1822 1912 1978 1947 cartam

113 1980 332 2019 munimine
371 1981 502 2018 nostri
537 1980 667 2033 sigilli
710 1980 912 2018 voluimus
955 1980 1203 2017 communiri.
1268 1978 1417 2015 Datum
1460 1978 1644 2016 Bvstmir
1683 1989 1793 2016 anno
1828 1977 1977 2015 domini

115 2047 177 2087 M.
211 2046 301 2088 CO.
336 2047 519 2087 LXXV.
583 2048 700 2086 VIII.
743 2047 844 2086 ldvs
885 2047 1133 2096 septembris
1173 2058 1311 2084 coram
1352 2046 1529 2085 testibus
1572 2046 1805 2085 subnotatis
1847 2043 1978 2085 fratre

115 2115 306 2155 chiano
354 2116 513 2154 lectore
560 2115 823 2155 olomucensi
872 2119 913 2153 et
954 2113 1084 2153 fratre
1132 2114 1422 2153 Bartholomeo
1469 2114 1627 2153 ordinis
1671 2114 1977 2164 predicatorum

116 2184 335 2237 Magistro
364 2183 551 2222 Iohanne
578 2195 796 2237 pragense
824 2184 1028 2222 canonIco
1056 2183 1272 2236 Magistro
1302 2182 1539 2222 Witchone
1565 2183 1818 2222 olomucensi
1845 2194 1978 2221 cano—

116 2252 210 2291 nico
252 2252 438 2291 Iohanne
478 2253 639 2291 notario
682 2257 824 2290 nostro
859 2252 1059 2290 IIeinrico
1102 2251 1153 2290 de
1195 2251 1549 2303 winzerlindorph
1590 2252 1738 2291 domini
1778 2251 1978 2291 Zmilonis

117 2321 267 2360 nuncio
301 2320 353 2359 de
387 2320 578 2359 Bilkowe
611 2324 654 2359 et
686 2320 835 2359 domini
868 2319 1074 2358 flat-niem
1108 2320 1161 2358 de
1194 2320 1476 2360 Miszelboriz.

430 2419 482 2450 Ex
507 2419 704 2460 originali
728 2420 913 2450 monasterii
938 2416 1263 2451 Oslowanensis,

1702 2668 1764 2706 21
