2138 2845
993 160 1092 201 189

111 313 178 365 qui
212 311 265 352 de
296 312 509 352 uoluntate
550 311 722 363 partium
755 314 1022 362 vtrarumque
1054 309 1382 350 terminauerunt
1414 318 1597 360 causam,
1631 305 1967 358 quemadmodum

112 383 153 421 in
186 382 333 421 litteris
366 381 462 420 dicti
497 381 644 420 domini
679 384 868 432 apparet,
901 380 1018 419 cuius
1050 383 1170 418 tenor
1202 376 1296 416 talis
1330 379 1408 415 est.
1448 376 1668 426 (Alea-ius,
1701 375 1971 413 miseratione

114 450 260 490 diuina
292 449 621 489 archidiaconus
654 450 938 499 Znoymensis
971 450 1044 486 etc.
1080 448 1236 486 Datum
1263 444 1394 484 1276
1426 445 1470 483 in
1501 444 1649 494 vigilia
1681 455 1715 482 3.
1744 442 1971 482 Laurentii

122 518 227 559 Vide
265 530 376 557 num.
419 517 624 567 CXXX.)
686 517 776 556 Nos
820 518 952 570 igitur
990 514 1219 555 huiusmodi
1255 524 1496 565 processum
1541 518 1708 566 gratum
1756 515 1798 550 et
1838 514 1970 549 ratum

115 586 335 639 habentes,
368 586 593 625 secundum
629 585 733 636 quod
768 586 845 624 rite
879 583 1014 623 factus
1049 587 1114 623 est
1146 584 1276 634 ipsum
1303 583 1551 621 auctoritate
1585 584 1728 619 nostra
1762 578 1972 619 ordinaria

114 654 413 706 confirmamus,
453 659 495 693 et
533 654 663 707 sigilli
705 654 834 693 nostri
875 653 1092 692 munimine
1132 652 1433 691 communimus.
1499 649 1608 688 Nulli
1657 659 1767 702 ergo
1809 647 1971 687 omnino

116 723 317 762 homiuum
351 723 486 774 liceat,
521 722 629 760 lianc
663 726 805 760 nostre
831 720 1152 759 confirmationis
1187 719 1382 772 paginam
1410 716 1660 771 infringere,
1694 716 1760 756 uel
1794 717 1832 755 ei
1866 727 1973 755 ausu

117 792 339 830 temerario
373 791 595 829 contraire.
644 791 791 829 Datum
827 795 925 841 aput
959 789 1149 842 Znohim,
1182 799 1291 827 anuo
1325 786 1474 825 domini
1507 786 1567 826 M.
1594 784 1682 826 CC.
1707 785 1845 824 LXX.
1876 783 1973 822 vll.

119 859 214 898 1111.
246 858 465 898 Kalendas
497 859 616 898 Maii.

423 965 477 997 Ex
501 965 692 1006 originali
718 964 849 1006 duplici,
866 974 998 1006 quorum
1022 964 1156 994 alterum
1183 962 1289 994 datum
1304 963 1437 993 Brunae
1449 961 1511 992 111.
1530 959 1700 992 Kalendas
1721 958 1807 1000 Maji
1832 967 1913 1000 prae
1937 967 1975 988 se

529 1016 605 1058 fert,
631 1017 661 1047 in
686 1016 820 1047 archivo
846 1014 1031 1057 ejusdem
1055 1015 1253 1046 monasterii.

920 1178 1171 1221 CXXXIX.

114 1292 277 1332 Forma
305 1292 428 1343 pacis
460 1292 566 1330 inter
598 1292 887 1331 Romanorum
919 1292 959 1328 et
979 1290 1182 1328 Boiimiae
1211 1300 1354 1338 restem
1385 1290 1608 1326 renovatae
1631 1298 1656 1325 (ι
1680 1284 1977 1325 mediatoribus

319 1360 425 1411 ipsis
454 1361 719 1411 protestatur.
769 1359 840 1398 Dc.
874 1358 1070 1408 Viennae,
1101 1356 1242 1409 pridie
1274 1357 1420 1396 Nonas
1452 1356 1576 1408 Jlaji,
1616 1353 1770 1395 1277.

254 1450 372 1513 Nos
412 1470 555 1509 Bruno
596 1469 663 1508 dei
702 1470 855 1523 gracia
906 1468 1196 1509 Olomucensis
1243 1469 1481 1521 episcopus,
1528 1467 1659 1507 Zmilo
1701 1466 1978 1518 purchrauius

120 1538 407 1591 VetouiensiS,
449 1539 657 1592 magister
696 1538 866 1577 Vlricus
912 1538 1114 1589 notarius,
1159 1541 1455 1587 procuratores
1503 1540 1545 1575 et
1587 1537 1725 1574 nuncii
1768 1535 1978 1585 speciales

122 1606 271 1646 domini
306 1606 355 1647 0.
387 1607 559 1646 Boemie
592 1607 716 1660 regis
749 1606 934 1658 illustris,
956 1604 1243 1659 significamus
1276 1609 1423 1644 tenore
1458 1605 1719 1655 presencium
1751 1604 1978 1655 vniuersis,

118 1676 225 1727 quod
267 1687 345 1715 nos
386 1686 476 1714 cum
516 1676 608 1714 viro
651 1674 777 1714 nobili
823 1674 984 1713 domino
1027 1673 1262 1726 Friderico,
1309 1673 1557 1724 purchrauio
1599 1673 1651 1711 de
1683 1671 1978 1722 Nurenbercli,

119 1744 279 1794 plenum
322 1743 554 1783 mandatum
594 1743 790 1796 habente,
832 1746 927 1793 post
974 1742 1120 1782 multos
1162 1746 1378 1794 tractatus,
1427 1742 1522 1780 hinc
1562 1741 1658 1779 inde
1705 1751 1833 1791 super
1873 1750 1979 1790 pace

116 1811 383 1852 reformanda
422 1812 600 1865 habitos,
649 1813 737 1863 pari
777 1816 889 1865 voto,
937 1815 979 1850 et
1019 1822 1233 1850 consensu
1284 1811 1478 1863 vnanimi,
1518 1810 1627 1848 sicut
1669 1809 1820 1860 placuit
1861 1808 1978 1858 pacis

118 1881 308 1934 Auctori,
342 1892 499 1933 pacem,
525 1881 751 1920 amiciciam
785 1885 826 1920 et
852 1880 1040 1919 vnionem
1076 1879 1413 1931 indissolubilem,
1440 1882 1482 1917 et
1511 1882 1711 1928 perpetuo
1741 1877 1979 1916 duraturam

123 1948 416 2002 ordinauimus,
449 1950 677 2002 statuimus,
710 1949 1043 2000 approbauimuS,
1078 1952 1120 1987 et
1152 1946 1411 1999 firmauimus,
1446 1947 1552 1985 iuter
1586 1946 1772 1985 dominos
1813 1950 1980 1984 nostros

123 2017 414 2056 Romanorum
455 2020 494 2055 et
526 2018 700 2057 Boemie
737 2029 859 2068 reyes
893 2017 1091 2067 illustres,
1132 2016 1209 2054 sul)
1250 2015 1395 2067 modis,
1441 2015 1715 2067 pactionibus,
1758 2025 1834 2053 seu
1873 2025 1981 2052 con-

122 2084 370 2137 dicionibus,
410 2085 449 2124 in
485 2086 561 2123 iam
602 2086 699 2124 dicti
733 2085 879 2124 domini
919 2086 1195 2124 Romanorum
1230 2085 1351 2136 regis
1397 2083 1634 2133 patentibus
1676 2088 1718 2122 et
1756 2083 1980 2121 autenticis

122 2152 284 2205 litteris,
317 2153 645 2206 comprehensis,
685 2166 854 2204 quorum
887 2158 1008 2192 tenor
1047 2152 1140 2191 talis
1174 2156 1260 2191 est:
1305 2152 1394 2190 Nos
1436 2152 1486 2191 R.
1530 2151 1596 2190 dei
1636 2151 1790 2204 gracia
1822 2151 1979 2189 Roma-

122 2231 265 2259 norum
306 2232 384 2259 rex
423 2232 587 2272 semper
627 2226 852 2275 augustuS,
895 2226 1029 2260 notum
1071 2218 1242 2259 facimus
1287 2220 1512 2273 vniuersis,
1556 2224 1778 2270 presentes
1817 2220 1980 2258 litteras

124 2288 390 2342 inspecturis,
438 2290 692 2342 simpliciter,
746 2294 787 2328 et
827 2290 991 2340 publice
1030 2288 1318 2327 nichilominus
1366 2287 1622 2342 profitentes,
1663 2288 1770 2339 quod
1813 2286 1980 2327 sormam

123 2358 255 2409 paciS,
295 2358 404 2396 inter
436 2369 512 2396 nos
554 2368 609 2396 ex
642 2370 739 2409 vna,
779 2364 820 2396 et
853 2357 1045 2407 inclytum
1087 2356 1135 2396 Ο.
1178 2367 1327 2409 regem
1367 2357 1536 2396 Boemie
1577 2368 1633 2395 ex
1672 2357 1806 2396 altera
1846 2361 1979 2408 parte,

123 2436 199 2476 per
241 2426 528 2464 venerabilem
571 2426 859 2465 Olmucenscm
903 2425 1162 2476 episcopum,
1209 2424 1456 2477 zmilonem,
1504 2425 1794 2476 purclirauium
1842 2425 1980 2462 Veto-

125 2495 323 2546 uiensem,
343 2499 384 2532 et
404 2495 645 2547 magistrum
664 2494 863 2541 ericum,
877 2494 1075 2532 notarium
1098 2493 1281 2532 eiusdem
1302 2494 1437 2547 regis,
1457 2498 1497 2533 et
1517 2494 1691 2533 nobilem
1709 2493 1980 2542 Fridericum,

128 2562 416 2612 purclirauium
443 2563 496 2601 de
515 2562 811 2613 Nurenbercli,
838 2562 1009 2613 prouide
1030 2562 1272 2615 ordinatam,
1300 2562 1339 2601 in
1361 2563 1465 2602 omni
1488 2564 1552 2601 sui
1578 2568 1711 2614 parte,
1735 2568 1775 2599 et
1798 2560 1981 2613 siugulis
