2138 2845
979 191 1082 232 253

879 331 1188 375 CLXXXVII.

100 426 255 467 Bolzug
286 426 338 467 de
370 427 593 467 Drahotug
624 426 730 467 bona
762 439 840 466 sua
871 428 916 467 in
947 426 1115 478 Studyr't
1147 427 1260 477 teyat
1288 427 1539 467 monialibus
1574 427 1958 468 eston-anensibus.

451 497 523 535 Dt.
556 497 746 547 Brunae,
779 495 859 535 XI.
893 496 1117 536 Kalendas
1150 494 1423 547 Septembris,
1463 495 1618 536 1281.

274 587 333 648 In
360 607 521 646 nomine
547 606 695 645 domini
721 617 853 645 amen.
895 606 984 645 Nos
1009 606 1152 645 Bohus
1174 605 1225 645 de
1250 606 1465 645 Drahotus
1491 607 1676 646 omnibus
1697 610 1738 647 et
1760 608 1957 662 singulis,

101 679 340 726 presentem
375 676 529 714 visuris
563 675 632 715 vel
659 675 859 713 audituris
893 675 1081 728 litteram,
1108 675 1290 726 quolibet
1322 675 1509 715 submoto
1537 676 1724 715 volumus
1758 679 1957 715 constare

101 742 225 782 dubio
266 743 375 795 quod
414 744 524 783 bona
564 746 710 782 nostra
750 744 830 782 sita
871 743 911 781 in
951 742 1117 794 Studyn
1158 746 1388 782 aratrorum
1430 747 1514 783 tota
1557 756 1646 783 cum
1689 745 1957 800 instructura,

101 812 342 863 ceterisque
381 812 542 851 cunctis
585 812 823 851 attinenciis
862 813 951 851 suis
995 812 1237 851 contulimus
1277 811 1519 851 deuotarum
1567 813 1751 866 collegio
1793 814 1954 852 sancti-

99 880 332 919 monialium
372 880 412 919 in
447 879 569 931 Ozlaj
604 883 697 931 post
731 881 940 931 presentis
980 881 1066 919 vite
1104 884 1247 919 nostre
1282 880 1501 920 decursum
1542 892 1642 920 suos
1676 882 1715 920 in
1744 894 1848 921 vsus
1882 893 1956 933 pro

100 946 214 986 libito
235 948 369 987 libere
393 947 632 1002 redigenda
659 952 700 987 et
728 949 895 999 proprie
927 952 1126 999 perpetuo
1154 948 1421 999 possidenda.
1463 947 1658 990 Ceterum
1686 951 1958 990 commisimus

100 1017 232 1069 eciam
270 1015 388 1056 fratri
428 1021 570 1056 nostro
611 1017 772 1057 domino
815 1018 1072 1057 Hartmanno
1122 1016 1173 1056 de
1213 1017 1419 1068 Holsteyn
1463 1017 1570 1068 quod
1609 1019 1645 1057 si
1686 1019 1956 1058 ordinacione

100 1085 240 1125 diuina
274 1086 394 1125 nobis
421 1086 691 1125 morientibus
724 1092 943 1137 superstes
969 1086 1136 1139 vixerit,
1171 1085 1395 1136 predictam
1422 1087 1690 1125 collacionem
1725 1098 1801 1126 seu
1826 1087 1957 1141 lega-

99 1154 259 1194 cionem
291 1158 474 1194 nostram
506 1159 652 1194 contra
686 1155 893 1206 quoslibet
924 1154 1180 1205 inpeditores
1212 1158 1394 1207 tueatur,
1428 1155 1666 1205 perducens
1700 1167 1789 1194 eam
1823 1157 1957 1195 anime

98 1226 244 1262 nostre
278 1234 351 1274 pro
384 1222 568 1262 remedIo
601 1223 654 1262 ad
688 1223 887 1262 ellectum.
933 1223 992 1262 Vt
1025 1227 1159 1262 autem
1192 1222 1301 1262 hanc
1335 1223 1604 1262 donacionem
1638 1229 1821 1262 nostram
1854 1235 1957 1274 spe-

99 1291 263 1330 cialiter
301 1290 354 1330 ad
393 1291 590 1330 honorem
632 1291 756 1330 beate
798 1291 983 1345 virginis
1021 1289 1173 1329 factam
1220 1295 1422 1341 perpetue
1463 1292 1598 1330 nullus
1640 1291 1839 1330 heredum
1888 1291 1957 1330 vel

98 1369 391 1398 successorum
424 1362 656 1398 nostrorum
698 1371 1033 1411 quorumcunque
1067 1364 1275 1411 presumat
1317 1364 1388 1399 aut
1420 1359 1625 1400 infirmare
1666 1362 1821 1414 valeat,
1855 1372 1956 1412 pre-

101 1430 248 1467 sentes
279 1425 452 1466 fecimus
492 1428 727 1467 communiri
762 1429 906 1481 nostri,
947 1430 1237 1480 prenotatique
1277 1427 1419 1468 fratris
1462 1431 1607 1483 nostri,
1642 1429 1789 1469 domini
1823 1430 1956 1469 Hart-

96 1496 248 1549 manni,
289 1506 369 1535 nec
409 1507 489 1535 non
530 1500 572 1536 et
610 1494 752 1535 fratris
793 1498 924 1536 nostri
967 1498 1086 1550 petri,
1127 1497 1298 1536 lectoris
1346 1496 1515 1537 fratrum
1559 1498 1863 1549 predicatorum
1904 1498 1956 1538 de

97 1565 271 1605 Brunna
303 1566 521 1604 munimine
555 1565 799 1618 sigillorum.
863 1566 1018 1605 Testes
1051 1566 1228 1605 aderant
1260 1566 1355 1605 huic
1387 1565 1512 1620 sacto7
1553 1567 1702 1606 domini
1736 1567 1955 1607 Gerardus

99 1633 152 1672 de
185 1633 409 1687 Obersetz,
449 1634 624 1686 anato,
668 1633 828 1687 Gallus7
868 1633 1044 1672 aderant
1077 1645 1240 1684 quoque
1280 1634 1408 1673 iudex
1441 1636 1657 1685 prouincie
1690 1636 1954 1674 Brunnensis

102 1701 329 1755 Hem-icus,
370 1705 411 1740 et
450 1701 717 1740 XVecemilus
758 1701 969 1740 Zudarius
1011 1702 1193 1741 eiusdem
1236 1703 1463 1755 prouincia,
1504 1707 1546 1742 et
1584 1704 1726 1755 plures
1766 1704 1834 1742 alii
1875 1701 1954 1742 fide

99 1770 233 1825 digni.
267 1770 415 1810 Datum
441 1770 627 1821 Brunne,
651 1770 774 1809 Anno
801 1770 948 1809 domini
973 1769 1308 1811 MCCLXXXI.
1343 1772 1418 1813 XI.
1441 1772 1661 1811 Kalendas
1679 1772 1954 1823 Septembris.

406 1868 436 1901 E
462 1868 641 1901 vidimus
666 1868 931 1912 Theoderici,
957 1870 1105 1911 episcopi
1129 1868 1367 1912 olomucensis,
1392 1870 1432 1901 ab
1457 1869 1571 1902 eodem
1595 1879 1688 1903 anno.

857 2034 1187 2077 CLXXXVIII.

99 2136 345 2188 Heinricus,
370 2138 592 2189 episcopus
624 2139 916 2189 U'armiensis,
948 2140 1061 2177 vices
1085 2151 1239 2189 ymen-s
1273 2140 1460 2191 episcopi
1483 2140 1715 2187 anonis,
1750 2140 1953 2179 ecclesias

99 2205 143 2244 in
175 2204 426 2257 Dulcowany
465 2209 503 2244 et
533 2208 575 2245 in
610 2206 907 2246 Boleuslaus-tce
946 2210 1176 2257 consecrat,
1210 2210 1248 2246 et
1275 2209 1388 2260 silias
1421 2208 1623 2247 ecclesiae
1662 2209 1705 2246 in
1738 2208 1954 2260 Dnbhany

190 2285 283 2312 esse
312 2275 540 2326 profitetur.
598 2276 669 2314 ΙΙΙ.
703 2276 745 2314 in
778 2275 1090 2327 Bohuslawtce,
1131 2276 1227 2316 1'11.
1261 2277 1364 2316 Kal.
1397 2276 1668 2328 Septembris,
1708 2276 1860 2317 1281.

236 2365 351 2426 Nos
376 2386 586 2424 Heni-icus
604 2385 668 2424 «lei
696 2387 837 2439 gratia
858 2387 1120 2426 Varmiensis
1148 2387 1331 2426 ecclesie
1350 2388 1572 2439 episcopus
1601 2389 1717 2427 vices
1744 2390 1951 2442 gerentes

98 2452 246 2492 domini
287 2454 495 2492 Brunonis
536 2455 791 2493 uenerabilis
832 2456 1017 2505 episcopi
1060 2455 1348 2495 olomucensis
1389 2457 1575 2496 omnibus
1615 2458 1655 2496 in
1698 2460 1950 2507 perpetuum.

97 2521 455 2574 Tranquillitatem
490 2523 719 2574 bonumque
752 2528 898 2563 statum
933 2524 1205 2563 ecclesiarum
1239 2536 1294 2564 ex
1327 2525 1446 2565 oflicii
1481 2527 1610 2565 nostri
1646 2525 1781 2564 debito
1816 2535 1950 2575 quan-

97 2594 177 2630 tum
211 2603 428 2642 possumus
454 2597 705 2643 perpetuare
730 2593 934 2646 uolentes,
962 2597 1003 2632 et
1025 2594 1246 2645 unicuique
1273 2595 1458 2634 ecclesie
1483 2595 1547 2634 ius
1572 2606 1686 2633 suum
1712 2593 1950 2644 relinquere
