2138 2845
1028 219 1134 259 232

149 363 416 414 Gradu-ensi,
450 363 855 402 premonstratensis
887 362 1059 414 ordinis,
1093 361 1145 400 de
1178 361 1378 414 omnibus,
1411 361 1491 400 sibi
1531 364 1574 400 et
1605 361 1789 401 ecclesie
1822 372 1900 401 sue
1932 362 1999 401 in-

147 433 289 471 iuriam
316 430 580 484 facientibus,
605 431 829 471 secundum
848 434 1033 470 tenorem
1061 430 1373 483 priuilegiorum
1394 442 1559 469 suorum
1588 441 1780 469 curemus
1809 434 2004 482 tanquam

146 501 275 540 iudex
301 501 536 539 ordinarius
562 501 717 539 iustitie
742 499 887 539 facere
915 500 1265 550 complementum,
1293 503 1333 537 et
1355 511 1431 537 sua
1451 511 1568 537 manu
1590 503 1738 538 tenere
1764 500 2006 554 priuilegia,

147 574 189 609 et
221 569 398 608 fideliter
431 568 676 608 defensare:
711 569 751 607 in
784 568 963 607 concilio
995 571 1138 606 nostro
1168 568 1439 618 prouinciali,
1472 569 1515 606 in
1548 567 1616 606 die
1647 571 1796 607 octauo
1828 570 2009 608 Martini

144 640 346 690 prooee'mo
387 639 430 676 in
472 638 676 677 Olomucz
718 635 936 687 celebrato,
978 635 1263 674 assidentibus
1312 637 1431 675 nobis
1471 635 1768 690 beneficiariis,
1811 637 2007 676 videlicet

147 705 332 759 Onsone,
367 707 611 757 camerario,
645 704 861 756 xvoisiao,
885 703 1056 743 zudario
1091 704 1450 758 Olomucensibus,
1478 709 1518 744 et
1552 706 1642 744 aliis
1669 717 1787 757 quam
1823 706 2008 757 pluribus

146 778 261 813 terre
296 774 536 825 baronibus,
577 773 711 811 dictus
746 772 890 825 BudiS,
933 773 1066 811 abbas
1107 771 1398 826 Gradicensis,
1441 785 1516 824 per
1549 774 1749 813 dominum
1782 774 2008 828 Bobussie,

147 843 446 881 marschalcum
486 842 696 893 Morauie,
732 842 898 891 petitum
941 844 983 879 et
1015 841 1223 879 obtentum
1264 853 1288 879 a
1322 841 1441 880 nobis
1482 842 1741 896 aduocatum,
1781 843 2008 882 secundum

147 910 313 949 formam
338 911 439 949 iuris
468 911 691 949 communis
718 911 954 960 proposuit:
990 908 1097 960 quod
1128 909 1314 948 dominus
1339 910 1555 964 Albertus,
1582 911 1717 950 dictus
1743 911 1796 950 de
1821 911 2006 965 Lessan,

146 980 293 1019 limites
327 980 512 1018 ecclesie
546 990 622 1017 sue
656 980 764 1017 inter
797 978 1020 1029 Knyem'cz
1054 981 1095 1016 et
1121 976 1284 1028 Cauil-z,
1319 977 1452 1017 dictos
1486 979 1725 1032 vulgariter
1747 979 1907 1033 Sadek,
1939 979 2007 1019 Na

146 1048 264 1087 wrch
297 1048 516 1101 malineho,
549 1048 615 1086 Na
650 1047 767 1086 wrch
808 1047 1056 1099 destlmeho,
1098 1057 1232 1097 usque
1266 1047 1332 1085 Na
1373 1047 1489 1086 wrch
1530 1047 1777 1100 iawornjka,
1820 1059 1894 1098 per
1927 1047 2005 1087 de-

145 1128 338 1156 scensum
372 1127 506 1168 usque
539 1116 590 1155 ad
625 1116 745 1169 uiam,
780 1127 860 1166 que
894 1115 1024 1169 uulgo
1059 1120 1235 1154 uocatur
1269 1115 1594 1154 Hwozdeczska
1629 1120 1762 1169 cesta,
1798 1117 2001 1155 iniuriose

145 1190 450 1238 transgressus
497 1185 743 1224 adiacentes
794 1196 962 1235 campos
1013 1188 1053 1223 et
1100 1185 1230 1223 siluas
1278 1184 1485 1223 uiolenter
1532 1185 1571 1222 in
1612 1195 1689 1223 sue
1738 1184 2006 1235 preiudicium

147 1255 330 1293 ecclesie
365 1258 556 1307 occupat,
590 1254 700 1293 locat
732 1257 773 1292 et
807 1253 975 1305 plantat,
1011 1257 1052 1291 et
1086 1254 1146 1291 sic
1181 1253 1339 1291 detinet
1364 1258 1606 1306 occupatos,
1640 1253 1748 1304 quod
1773 1254 1896 1292 etiam
1930 1263 2006 1303 per

146 1334 222 1362 sue
265 1323 490 1376 priuilegia
532 1323 717 1361 ecclesie
761 1322 859 1360 inibi
902 1322 1145 1375 declat-anit,
1180 1321 1337 1359 eisdem
1386 1321 1623 1374 priuilegiis
1663 1321 1845 1360 aduersa
1886 1325 2007 1371 parte

146 1390 441 1430 contradicere
470 1402 549 1429 non
573 1391 755 1429 ualente.
802 1388 892 1437 Quo
917 1401 994 1428 nos
1027 1391 1116 1428 uiso
1142 1390 1331 1428 uolentes
1361 1388 1561 1440 prefatum
1591 1389 1805 1442 negotium
1833 1387 2008 1440 pacifice

145 1461 384 1512 terminare,
419 1459 516 1497 licet
548 1458 600 1497 ad
627 1458 877 1497 dillinitiuam
901 1458 1135 1508 procedere
1170 1458 1460 1496 debuissemus
1494 1458 1584 1495 iure
1608 1459 1869 1509 sententiam,
1905 1468 2006 1508 per-

146 1528 351 1566 suasimus
387 1528 585 1579 partibuS,
620 1530 662 1566 ut
695 1528 735 1566 in
769 1538 1017 1565 communem
1053 1538 1288 1579 personam,
1322 1527 1386 1565 cui
1421 1530 1586 1564 constat
1627 1525 1679 1564 de
1712 1524 1838 1578 facto,
1871 1526 2005 1565 libere

146 1597 536 1648 compromitterent,
572 1599 613 1634 et
646 1597 887 1646 cuicumque
920 1595 987 1633 illa
1022 1595 1295 1633 testimonium
1326 1594 1580 1645 perhiberet,
1615 1594 1683 1633 ille
1708 1606 1784 1644 per
1815 1594 1894 1633 hoc
1929 1606 2003 1644 pro

146 1674 194 1702 se
228 1665 474 1702 sententiam
503 1664 721 1703 obtineret.
763 1663 949 1714 Cumque
976 1663 1126 1701 ibidem
1159 1662 1333 1701 adesset
1359 1662 1583 1713 lohannes,
1618 1662 1821 1713 quondam
1846 1663 2008 1701 uillicus

146 1733 403 1771 serenissimi
439 1733 587 1771 domini
611 1733 740 1771 nostri
768 1732 970 1784 Ottaeari,
997 1732 1120 1784 regis
1146 1731 1418 1769 Bolieinorum
1446 1732 1587 1783 quinti,
1617 1731 1670 1770 de
1697 1743 1776 1782 quo
1802 1729 2010 1770 fatebatur

147 1801 334 1840 dominus
367 1801 585 1853 Albertus,
620 1801 726 1852 quod
763 1801 975 1851 predictos
1010 1801 1157 1838 limites
1192 1805 1233 1838 et
1265 1800 1374 1838 bona
1410 1800 1461 1838 de
1496 1812 1615 1838 manu
1650 1800 1835 1838 eiusdem
1870 1800 2009 1852 uillici,

147 1874 189 1909 et
222 1882 303 1908 non
338 1870 389 1907 dc
425 1874 633 1920 potestate
673 1870 837 1908 abbatis
871 1870 1147 1921 suscepisset,
1191 1879 1247 1906 ex
1279 1872 1455 1918 utraque
1496 1871 1615 1918 parte
1655 1868 1695 1906 in
1729 1868 1903 1906 eundem
1937 1865 2011 1907 suit

147 1939 392 1977 unanimiter
425 1939 774 1988 compromissum,
839 1938 917 1985 Qui
959 1950 1100 1977 coram
1136 1937 1254 1975 nobis
1296 1940 1336 1974 et
1370 1936 1462 1974 aliis
1504 1947 1622 1986 quam
1657 1936 1857 1989 pluribus,
1892 1936 2010 1975 nobis

148 2007 444 2058 assidentibus,
479 2010 543 2045 est
577 2006 692 2045 clare
727 2010 997 2058 protestatus,
1041 2006 1147 2057 quod
1183 2006 1274 2056 ipse
1308 2004 1469 2055 quidem
1512 2005 1577 2043 illa
1613 2005 1719 2043 bona
1753 2016 1808 2043 ex
1842 2004 2012 2044 inductu

148 2073 462 2113 forestariorum
513 2076 708 2113 iniuriose
759 2078 1063 2126 occupauerat,
1111 2073 1187 2113 sed
1235 2073 1395 2112 domino
1444 2073 1598 2111 abbate
1645 2073 1825 2112 adeunte
1874 2070 2009 2111 felicis

149 2144 340 2181 memorie
382 2143 581 2181 dominum
631 2154 780 2196 regem
824 2144 1008 2196 Boemie,
1057 2146 1097 2182 et
1140 2143 1217 2193 ipsi
1270 2154 1383 2180 suam
1426 2142 1618 2180 iustitiam
1667 2152 1743 2192 per
1783 2140 2009 2194 priuilegia

149 2210 411 2263 ostendente,
456 2212 546 2249 dum
581 2211 717 2250 adbuc
760 2212 938 2265 uiueret,
979 2211 1031 2250 ad
1065 2211 1295 2250 mandatum
1337 2210 1468 2260 ipsius
1509 2211 1632 2264 regis
1665 2211 1846 2249 cesserit
1878 2209 2010 2249 eidem

150 2279 290 2318 abbati
325 2280 376 2317 de
410 2280 530 2318 bonis
563 2281 756 2331 superius
789 2281 1036 2319 memoratis
1096 2278 1198 2320 Cum
1233 2284 1366 2318 autem
1401 2278 1584 2318 aduersa
1618 2290 1717 2329 pars
1751 2290 1829 2317 nec
1863 2281 2008 2317 eontra

150 2351 295 2386 testem
333 2358 409 2384 nec
444 2352 589 2386 contra
623 2350 895 2387 testiinonium
931 2349 1021 2387 eius
1055 2347 1210 2399 aliquid
1244 2347 1505 2401 excepisset,
1541 2347 1772 2386 aduocatus
1805 2333 2008 2397 sepedicti

149 2416 313 2455 abbatis
348 2427 370 2453 a
407 2415 525 2453 nobis
560 2420 599 2454 et
625 2415 797 2466 prefatis
832 2415 1113 2455 beneficiariis
1142 2416 1371 2469 requisiuit,
1404 2420 1536 2454 utrum
1571 2416 1610 2454 in
1638 2416 1805 2468 signum
1839 2413 2009 2452 obtente

150 2488 191 2523 et
212 2485 347 2522 euiete
375 2494 505 2522 cause
526 2484 638 2522 iuxta
663 2485 1004 2524 consuetudinem
1034 2486 1134 2524 iuris
1157 2489 1271 2524 terre
1301 2484 1513 2535 predictus
1540 2484 1672 2522 abbas
1699 2483 1818 2521 nobis
1835 2481 2012 2520 deberet

150 2552 427 2605 regratiando
474 2552 690 2604 inclinare,
726 2557 767 2591 et
808 2553 925 2605 duos,
968 2555 1033 2604 qui
1074 2554 1205 2607 uulgo
1250 2553 1450 2604 prysudni
1493 2552 1696 2603 dicuntur,
1739 2550 1936 2588 denarios
1970 2551 2009 2588 in

150 2622 423 2660 testimonium
458 2621 690 2672 prescripto
725 2622 943 2660 euictionis
977 2621 1140 2660 offerre.
1207 2621 1326 2669 Quod
1372 2632 1447 2672 per
1480 2620 1726 2658 sententiam
1759 2629 2008 2657 communem
