2138 2845
1057 190 1124 230 72

158 347 307 391 regem
340 335 512 375 Boemie
545 334 848 387 supradictum3
883 334 917 373 si
953 344 1056 374 vero
1091 333 1196 384 quod
1232 331 1342 371 absit
1376 343 1454 371 rex
1488 332 1654 371 Boemie
1688 333 1804 383 pacis
1839 333 2018 373 violator

158 416 215 445 ex
249 414 496 457 quacunque
536 414 667 442 causa
700 403 868 453 propria
914 403 981 441 vel
1014 403 1236 441 amicorum
1276 412 1443 440 suorum
1475 412 1526 439 ac
1559 401 1761 440 hominum
1793 405 1907 441 terre
1940 412 2018 440 sne

156 475 350 514 inuentus
384 471 508 512 fuerit
539 472 609 511 vel
642 472 844 524 turbator,
879 472 969 521 ipso
1003 468 1113 509 facto
1148 469 1301 508 incidet
1334 471 1373 508 in
1406 470 1654 508 sententiam
1683 471 2019 509 excommunica-

157 544 295 595 tionis,
329 553 449 593 quam
490 551 658 580 exnunc
690 539 962 579 venerabiles
1003 543 1146 590 patres
1178 539 1462 592 Patauiensis,
1503 537 1791 578 olomucensis
1832 541 1873 577 et
1907 539 2017 577 Pra-

157 612 310 666 gensis
354 610 542 661 episcopi
582 609 764 648 tulerunt
806 609 845 647 in
885 608 1055 658 scriptis
1096 608 1350 660 solenniter3
1392 610 1433 646 et
1473 606 1581 658 quod
1622 606 1766 646 eadem
1808 607 2019 646 sententia

157 684 302 720 teneat
343 683 384 718 et
416 679 630 731 astringat
671 677 914 716 violatorem
958 676 1075 726 pac-is
1116 679 1158 715 et
1197 675 1423 715 concordie
1463 687 1552 714 cum
1595 673 1757 728 effectu,
1807 676 1899 726 ipse
1943 685 2023 714 rex

158 749 330 788 Boemie
363 748 544 786 subiecit
582 757 630 784 se
664 745 937 783 iurisdictioni
980 745 1161 794 ipsorum
1195 746 1498 798 episcoporum7
1532 756 1615 784 non
1649 745 1909 785 obstantibus
1943 745 2023 783 ali-

158 818 307 870 quibus
340 817 486 868 literis7
521 814 795 867 indulgentiis
835 824 910 852 seu
947 813 1182 866 priuilegiis
1223 825 1247 852 a
1282 813 1386 852 sede
1419 813 1648 864 apostolica
1689 814 1919 864 impetratis
1953 813 2023 853 vel

157 887 199 926 in
233 890 441 937 posterum
476 883 757 934 impetrandis.
822 882 1030 921 Preterea
1069 885 1112 920 ut
1145 881 1434 932 multiplicatus
1474 880 1679 920 funiculus
1721 893 1863 933 pacem
1896 879 2025 921 saciat

157 955 398 1007 pleniorem,
432 952 743 1002 archiepiscopi
777 954 819 990 et
852 950 1041 1001 episcopi
1074 950 1201 1003 regni
1227 950 1359 989 nostri
1393 950 1636 988 iurauerunt
1661 955 1852 1001 quantum
1886 951 1927 989 in
1960 950 2023 989 eis

158 1028 225 1064 est
258 1033 400 1073 pacem
428 1025 664 1073 presentem
698 1021 806 1059 inter
832 1031 907 1058 nos
936 1023 977 1058 et
1003 1019 1133 1070 ipsum
1159 1029 1309 1072 regem
1338 1018 1566 1057 ordinatam
1592 1022 1740 1057 tenere
1765 1029 1816 1056 ac
1845 1029 2023 1058 seruare

159 1096 201 1132 et
233 1103 310 1131 nos
351 1091 553 1130 inducere
587 1091 703 1129 iuxta
742 1089 1030 1140 promissionis
1073 1100 1097 1126 a
1131 1098 1180 1126 se
1219 1086 1331 1126 facte
1370 1085 1538 1126 formam
1581 1086 1632 1125 ad
1675 1086 1850 1126 eandem
1884 1090 2020 1127 mutuo

159 1161 463 1202 obseruandam
492 1163 533 1200 et
558 1158 780 1199 tenendum
804 1169 855 1197 ea
882 1169 961 1210 que
991 1158 1031 1196 in
1060 1157 1363 1208 presentiarum
1393 1156 1651 1206 promisimus
1676 1159 1718 1195 et
1743 1156 2024 1210 promittimus7

159 1230 453 1282 spopondimus
503 1233 544 1268 et
593 1227 859 1281 spondemus7
907 1227 1016 1266 sicut
1064 1227 1104 1265 in
1153 1227 1332 1277 ipsorum
1384 1225 1517 1264 literis
1566 1225 1728 1275 plenius
1776 1226 2027 1264 continetur.

158 1299 448 1338 Promiserunt
490 1298 612 1337 etiam
646 1307 720 1348 per
760 1296 866 1335 idem
901 1296 1171 1334 iuramentum
1211 1298 1252 1333 et
1286 1295 1536 1346 promittunt7
1578 1294 1683 1344 quod
1726 1294 1761 1332 si
1805 1305 1882 1332 nos
1915 1292 2023 1345 quod

160 1368 270 1407 absit
304 1378 448 1418 pacem
491 1364 729 1419 infringere
763 1365 1049 1418 contingeret,
1092 1363 1160 1402 vel
1195 1373 1247 1402 ea
1289 1374 1369 1414 que
1404 1363 1442 1401 in
1486 1373 1663 1413 presens
1707 1362 1895 1413 placitum
1929 1364 2025 1401 sunt

160 1436 340 1475 deducta
381 1435 556 1488 violare,
596 1434 718 1477 iidem
759 1432 1068 1483 archiepiscopi
1113 1436 1154 1471 et
1195 1432 1382 1482 episcopi
1425 1434 1468 1470 et
1506 1431 1636 1470 nostri
1679 1431 1805 1484 regni
1840 1431 2024 1470 barones

159 1517 236 1545 nos
285 1504 487 1543 deserent
533 1506 575 1543 et
623 1503 721 1557 regi
772 1502 942 1542 Boemie
991 1501 1256 1539 adherebunt
1302 1511 1359 1539 ex
1407 1499 1546 1539 debito
1590 1500 1751 1550 prestiti
1794 1499 2024 1538 iuramenti.

160 1574 319 1612 Verum
352 1574 387 1611 si
421 1583 571 1626 regem
605 1572 775 1611 Boemie
809 1581 953 1622 pacem
988 1570 1058 1609 vel
1091 1581 1143 1608 ea
1169 1580 1248 1620 que
1283 1570 1324 1608 in
1358 1569 1549 1619 placitum
1579 1568 1842 1607 deuenerunt
1875 1565 2026 1607 infrIn-

159 1654 271 1697 gere
305 1642 532 1695 contigerit
565 1641 633 1680 vel
666 1640 854 1693 turbare,
888 1639 1073 1690 episcopi
1107 1642 1312 1678 terrarum
1345 1649 1512 1677 suarum
1547 1640 1589 1676 et
1622 1637 1805 1676 barones
1839 1636 2026 1676 eiusdem

159 1712 273 1750 iuxta
321 1709 489 1749 sormam
538 1710 748 1761 presentis
796 1709 1108 1759 compositionis
1159 1711 1201 1746 et
1258 1706 1531 1747 ordinationis
1582 1717 1672 1745 eum
1730 1706 1931 1745 deserent
1985 1708 2027 1745 et
2070 1737 2072 1739 ,

159 1781 278 1819 nobis
319 1779 583 1818 adherebunt
623 1779 809 1818 similiter
848 1790 903 1818 ex
944 1777 1083 1817 debito
1131 1777 1291 1827 prestiti
1335 1776 1564 1825 iuramenti,
1615 1776 1722 1814 sicut
1765 1775 1804 1813 in
1845 1775 2025 1824 ipsorum

160 1850 397 1900 patentibus
432 1849 562 1887 literis
597 1849 844 1887 continetur.
908 1847 1009 1886 Item
1050 1846 1396 1896 archiepiscopus
1430 1844 1760 1897 Strigoniensis,
1802 1844 1869 1894 qui
1911 1842 2027 1882 ordi-

161 1919 304 1957 narius
340 1921 484 1956 noster
526 1917 684 1969 existit,
719 1921 760 1955 et
793 1916 1139 1966 archiepiscopus
1181 1913 1430 1955 Colocensis
1471 1913 1565 1952 aule
1608 1916 1750 1952 nostre
1785 1911 2026 1952 cancellarii

161 1991 201 2026 et
235 1986 493 2040 suffraganei
524 1985 749 2025 eorundem
783 1989 825 2024 et
852 1986 1050 2023 baronum
1085 1988 1317 2023 nostrorum
1345 1982 1557 2022 voluntate
1583 1992 1752 2021 exnunc
1777 1980 2027 2020 sententiam

162 2056 597 2094 exconnnunicationis
633 2055 963 2107 promulgarunt,
998 2065 1117 2105 quam
1151 2054 1289 2092 sinos
1324 2051 1431 2103 quod
1457 2051 1567 2090 absit
1601 2061 1745 2101 pacem
1777 2048 2027 2105 transgredi

162 2124 406 2177 contigerit7
441 2125 530 2174 ipso
564 2122 673 2162 sacto
709 2124 967 2162 incurrennis
1003 2126 1044 2162 et
1078 2122 1335 2161 nihilominus
1371 2120 1489 2159 iidem
1518 2119 1824 2169 archiepiscopi
1860 2122 1902 2157 et
1934 2118 2027 2169 epi-

163 2193 279 2243 scopi
329 2196 450 2230 totnm
500 2203 678 2244 regnum
719 2196 903 2231 nostrum
952 2191 1243 2232 ecclesiastico
1285 2189 1507 2228 subiicient
1556 2189 1595 2226 in
1646 2188 1734 2227 suis
1786 2186 2027 2226 diocesibus

162 2260 405 2311 interdicto3
440 2272 518 2298 non
547 2260 808 2299 obstantibus
843 2262 974 2300 literis
1008 2273 1085 2300 seu
1111 2260 1385 2313 indulgentiis
1423 2257 1649 2308 impetratis
1679 2256 1746 2296 vel
1774 2256 2026 2307 inposterum

165 2329 446 2381 impetrandis.
497 2329 669 2367 Electus
703 2330 824 2368 etiam
848 2330 1187 2384 Salzburgensis
1213 2333 1255 2368 et
1278 2328 1548 2368 venerabiles
1575 2330 1719 2378 patres
1744 2325 2026 2376 Patauiensis,

164 2399 480 2451 Vrisirigensis7
509 2401 549 2436 et
574 2398 641 2435 alii
669 2398 815 2447 prelati
850 2400 976 2451 regni
1003 2404 1044 2438 et
1075 2403 1279 2438 terrarum
1307 2409 1473 2437 suarum
1508 2395 1759 2435 consimilem
1785 2404 2025 2433 excommu-

164 2468 383 2507 nicationis
417 2467 665 2505 sententiam
699 2467 737 2504 in
772 2468 941 2516 scriptis
974 2467 1204 2506 solenniter
1236 2467 1432 2519 tulerunt7
1465 2478 1585 2518 quam
1619 2466 1708 2514 ipse
1742 2473 1821 2501 rex
1854 2461 2025 2500 Boemie

165 2538 254 2588 ipso
289 2534 397 2575 sacto
433 2537 631 2588 incurret,
664 2535 699 2573 si
733 2539 1034 2587 transgressor
1069 2537 1183 2585 pacis
1219 2536 1430 2574 exstiterit
1465 2534 1530 2573 vel
1565 2532 1764 2571 turbator.
1830 2530 1883 2568 Et
1915 2529 1949 2568 si
1985 2529 2025 2567 in

166 2607 243 2644 hac
279 2611 396 2656 parte
430 2604 736 2656 archiepiscopi
772 2607 813 2643 et
847 2604 1032 2654 episcopi
1068 2604 1242 2654 predicti
1270 2608 1348 2642 tam
1384 2613 1611 2656 regnorum
1638 2602 1870 2639 nostrorum
1905 2609 2024 2650 quam
