2138 2845
1002 180 1106 220 309

126 320 329 373 obsequio
363 321 612 375 mancipate,
645 333 735 361 cum
770 321 955 362 omnibus
989 321 1124 375 bonis,
1164 331 1244 373 que
1284 321 1643 371 impresentiarum
1685 323 1988 362 rationabiliter

125 390 367 444 possidetiS,
401 394 471 430 aut
512 392 550 430 in
592 389 767 430 futurum
801 391 922 429 iustis
962 390 1092 430 modis
1126 394 1341 441 prestante
1381 390 1542 430 domino
1577 392 1765 442 poteritis
1799 392 1989 445 adipisci,

122 458 202 498 sub
236 458 350 498 beati
384 459 498 498 Petri
533 463 574 499 et
606 463 751 499 nostra
792 460 1050 511 protectione
1090 459 1351 512 suscipimus,
1386 460 1627 509 specialiter
1667 464 1801 499 autem
1835 464 1989 513 terras,

124 526 281 581 domos,
316 529 628 582 possessioneS,
662 530 892 583 grangias,
926 528 1127 582 redditus,
1160 531 1294 582 prata,
1327 528 1472 581 siluas,
1506 540 1664 579 pascua
1698 533 1739 568 et
1772 529 1852 568 alia
1878 529 1989 568 bona

125 598 287 649 vestra,
321 597 428 636 sicut
461 607 511 636 ea
544 598 678 636 omnia
710 598 818 637 iuste
851 598 1088 651 possidetis,
1121 597 1243 636 uobis
1277 600 1318 636 et
1351 608 1426 648 per
1458 608 1534 636 uos
1561 601 1706 636 uestro
1737 598 1988 636 monasterio

125 665 376 704 auctoritate
408 666 641 716 apostolica
674 664 974 719 confirmamus,
1008 670 1050 705 et
1092 666 1306 716 presentis
1344 666 1490 715 scripti
1533 665 1764 716 patrocinio
1805 676 1988 703 commu-

124 731 272 771 nimus.
335 732 446 771 Nulli
472 743 582 787 ergo
615 735 776 774 omnino
798 734 1001 774 hominum
1026 735 1152 774 liceat
1176 734 1284 774 lianc
1313 734 1510 788 paginam
1536 738 1681 773 nostre
1717 734 1987 784 protectionis

121 802 164 838 et
209 797 530 839 confirmationis
578 800 830 857 infringere,
879 804 946 843 vel
993 805 1031 843 ei
1076 815 1181 843 ausu
1235 805 1458 842 temerario
1500 802 1723 841 contraire.
1798 802 1844 843 Si
1894 802 1986 854 quis

120 870 258 906 autem
307 867 385 907 hoc
434 873 682 921 attemptare
730 873 1043 925 presumpserit,
1098 872 1428 926 indignationem
1483 871 1772 922 omnipotentis
1829 870 1896 909 dei
1945 873 1988 909 et

122 935 336 976 beatorum
353 936 469 977 Petri
489 943 531 978 et
549 939 681 993 Pauli,
702 941 980 991 apostolorum
1005 942 1111 994 eius,
1130 952 1178 980 se
1198 942 1362 980 nouerit
1380 941 1652 980 incursurum.
1686 940 1837 979 Datum
1854 939 1987 978 Rome

121 1004 232 1056 apud
263 1010 452 1046 sanctam
479 1007 691 1049 Sabinam.
731 1010 787 1049 X.
816 1009 1033 1049 Kalendas
1058 1010 1215 1049 Martii.
1257 1008 1528 1050 Pontificatus
1554 1009 1685 1048 nostri
1711 1020 1819 1048 anno
1845 1009 1986 1059 primo.

434 1097 487 1129 Ex
511 1100 720 1141 originali
743 1099 908 1131 ibidem.

908 1220 1201 1264 CCXXXVI.

119 1310 240 1352 Idem
285 1313 478 1354 concedit
521 1316 655 1356 eidem
701 1319 968 1367 monasterie,
1016 1320 1062 1355 u!
1098 1316 1204 1355 bona
1252 1329 1449 1356 sororum
1489 1329 1662 1356 &aarum
1711 1318 1902 1368 recipere
1950 1319 1987 1354 el

324 1382 505 1422 relinere
536 1385 684 1424 valeat.
749 1386 822 1425 Dc.
856 1387 1032 1436 Romae,
1066 1385 1122 1424 X.
1157 1385 1381 1425 Kalendas
1413 1387 1576 1436 Martii,
1619 1384 1769 1425 1286.

266 1454 506 1521 Honorius
538 1481 760 1532 episcopus
794 1490 945 1519 seruus
978 1490 1195 1519 seruorum
1223 1479 1303 1518 dei.
1353 1478 1527 1518 Dilectis
1555 1479 1594 1517 111
1621 1477 1791 1519 Christo
1821 1476 1982 1517 filiabus

117 1579 128 1590 .
161 1579 172 1590 .
205 1551 408 1602 priorisse
442 1553 484 1590 et
516 1549 739 1589 conuentui
772 1549 1012 1588 monasterii
1046 1548 1097 1587 de
1132 1548 1252 1588 Cella
1285 1547 1334 1588 S.
1367 1548 1510 1586 ,ilai-ie
1542 1548 1585 1586 in
1618 1547 1800 1586 Bmmna
1824 1546 1981 1585 ordinis

116 1619 253 1658 sancti
285 1618 518 1672 Augustini
550 1616 778 1657 secundum
802 1618 987 1656 instituta
1012 1620 1053 1655 et
1074 1616 1151 1655 sub
1177 1628 1279 1655 cura
1307 1614 1477 1655 fratrum
1497 1615 1654 1654 ordinis
1677 1615 1982 1666 predicatorum

116 1687 371 1740 viuentibus,
418 1685 707 1726 olomucensis
755 1685 952 1738 diocesis,
1004 1684 1178 1723 salutem
1226 1687 1267 1722 et
1314 1684 1583 1734 apostolicam
1633 1683 1981 1722 benedictionem.

117 1754 381 1795 Deuotiones
418 1758 563 1794 uestre
610 1753 807 1805 precibus
853 1753 1082 1807 benignum
1131 1752 1415 1802 impertientes
1465 1763 1684 1791 assensum
1733 1752 1982 1790 auctoritate

116 1824 240 1863 vobis
280 1824 536 1876 presentium
576 1823 857 1876 indulgemus,
897 1825 941 1861 ut
988 1822 1097 1861 bona
1144 1821 1307 1860 mobilia
1348 1824 1389 1859 et
1438 1821 1654 1860 immobilia
1701 1831 1777 1871 per
1824 1820 1981 1860 liberas

116 1902 325 1942 personas
359 1903 546 1932 sororum
567 1895 609 1930 et
629 1902 927 1930 conuersorum
960 1894 1194 1930 vestrorum
1228 1889 1278 1928 ad
1314 1889 1603 1928 monasterium
1631 1892 1813 1927 vestrum
1842 1888 1979 1927 mundi

116 1959 264 2000 relicta
310 1961 499 2000 vanitate
547 1959 852 1999 conuolantium
895 1963 937 1999 et
979 1957 1281 2010 professionem
1323 1956 1557 1996 facientium
1607 1961 1647 1996 in
1696 1956 1842 1996 eodem
1886 1957 1978 1996 iure

117 2029 409 2068 concessionis
448 2029 518 2068 vel
557 2028 636 2067 alio
679 2028 786 2067 iusto
827 2028 942 2068 titulo
984 2028 1020 2067 si
1061 2028 1364 2066 remansissent
1405 2026 1444 2064 in
1483 2025 1627 2064 seculo
1681 2025 1977 2078 contigissent,

115 2100 158 2136 et
194 2123 205 2135 .
245 2124 255 2135 .
295 2094 509 2136 tranferre
549 2096 590 2134 in
630 2096 735 2135 alios
783 2096 917 2135 libere
961 2096 1209 2147 potuissent,
1242 2093 1475 2133 feudalibus
1515 2093 1728 2133 dumtaxat
1768 2094 1977 2146 exceptis,

115 2168 276 2218 petere,
314 2165 509 2217 recipere
551 2168 593 2204 et
632 2165 817 2204 retinere
866 2165 999 2204 libere
1045 2164 1223 2203 valeatis
1270 2164 1362 2202 sine
1409 2162 1511 2200 iuris
1560 2161 1787 2212 preiudicio
1830 2161 1971 2201 alieni.

113 2232 226 2272 Nulli
258 2243 369 2287 ergo
402 2233 563 2273 omnino
596 2232 797 2272 hominum
836 2234 962 2272 liceat
1000 2233 1108 2272 hanc
1151 2232 1349 2286 paginam
1389 2234 1532 2269 nostre
1574 2231 1866 2270 concessionis
1909 2230 1975 2269 111-

113 2300 322 2356 fringere,
355 2302 424 2342 vel
457 2303 496 2342 ei
529 2313 635 2341 ausu
667 2302 888 2341 temerario
922 2301 1145 2340 contraire.
1207 2300 1255 2342 Si
1295 2300 1387 2351 quis
1427 2303 1562 2339 autem
1605 2299 1684 2338 1100
1724 2302 1974 2350 attemptare

112 2371 414 2422 presumpserit
456 2369 784 2424 indignationem
825 2370 1115 2420 omnipotentis
1154 2368 1221 2408 dei
1271 2372 1313 2407 et
1354 2368 1569 2407 beatorum
1609 2367 1725 2407 Petri
1769 2371 1811 2407 et
1853 2366 1972 2406 Pauli

111 2439 390 2491 apostolorum
422 2440 513 2479 eius
546 2450 594 2479 se
627 2440 791 2478 noverit
832 2439 1104 2478 incursurum.
1167 2438 1318 2477 Datum
1359 2438 1489 2477 Rome
1523 2437 1632 2488 apud
1665 2441 1852 2476 sanctam
1885 2435 1971 2476 Sa-

114 2508 263 2563 hinem,
297 2508 455 2549 decimo
488 2507 720 2548 Kalendas.
784 2507 940 2547 Martii.
1005 2506 1274 2547 l‘ontilicatus
1309 2508 1435 2547 nostrl
1472 2519 1580 2546 anno
1616 2507 1754 2558 primo.

424 2599 476 2631 Ex
501 2598 703 2640 originali
729 2597 888 2629 ibidem.
