2138 2845
1032 182 1139 224 410

960 321 995 364 C
1001 320 1201 365 CCXXI.

159 419 274 461 Thus
306 417 358 459 de
379 417 586 459 Lomnice
617 416 690 458 dat
717 418 971 457 monasterio
997 416 1304 458 Tignowicensz·
1333 427 1413 468 pro
1444 415 1546 456 villa
1571 415 1753 468 Eiwany
1782 418 2002 470 praedium

377 487 423 526 in
453 473 716 527 Zet-homine.
779 486 852 526 Dt.
884 485 1076 537 Brumae,
1116 485 1164 526 V.
1196 484 1302 525 Idus
1333 483 1595 537 Novembris,
1634 483 1785 525 1293.

297 578 411 641 Nos
434 597 619 653 'I'haszo⁷
643 596 829 637 dominus
861 596 902 636 in
926 596 1132 651 Lomnitz⁷
1164 608 1215 637 ac
1240 596 1379 637 dilecti
1410 594 1479 636 filii
1503 595 1650 649 nostri,
1683 595 1832 636 domini
1863 596 2006 650 Ienzo⁷

153 667 338 721 Thasm,
371 667 572 707 anatho.
634 666 783 706 Notum
826 662 999 704 facimus
1038 665 1221 719 singulis
1265 677 1317 706 ac
1349 664 1559 705 vniuersis
1599 675 1778 716 presens
1810 664 2006 716 scriptum

152 736 420 790 inspecturis,
459 733 568 787 quod
599 745 678 774 nos
711 733 930 785 prehabito
969 733 1161 787 consilio,
1193 733 1511 774 venerabilibus
1552 733 1810 787 dominabus,
1843 732 2006 773 domine

197 835 205 843 .
239 804 456 844 abbatisse
489 806 531 842 et
562 802 785 842 conuentui
817 801 1069 841 dominarum
1102 802 1342 842 monasterii
1378 801 1761 853 Thusnawicensis‚
1801 813 1875 853 pro
1907 801 2006 841 villa

155 874 310 914 chms
341 876 383 912 et
414 871 600 911 omnibus
632 871 905 923 pertinenciis
937 871 1042 924 suis7
1075 881 1165 910 cum
1198 871 1304 910 omni
1336 871 1441 925 iure7
1474 882 1556 923 quo
1589 881 1678 910 eam
1713 882 1786 922 pro
1819 869 2004 910 remedio

151 943 286 981 anime
333 938 468 981 felicis
515 940 710 979 memorie
758 939 911 980 dilecte
959 940 1103 979 matris
1151 943 1295 979 nostre
1343 939 1504 979 domine
1551 937 1720 979 Offemie
1767 940 2004 990 tenuerant,

151 1010 337 1050 dedimus
369 1010 466 1049 vice
497 1008 727 1048 concambii
767 1007 872 1048 duos
904 1008 1050 1047 laneos
1090 1011 1132 1048 et
1163 1011 1341 1060 quatuor
1372 1007 1599 1048 curticulas
1638 1008 1679 1047 in
1711 1005 2006 1057 Sohirlcewitz,

151 1084 192 1118 et
225 1078 435 1130 paruulam
469 1077 617 1117 vallem
650 1088 740 1116 cum
772 1078 860 1116 suis
893 1077 1036 1131 lignis,
1071 1088 1151 1129 que
1185 1080 1297 1117 retro
1330 1076 1521 1116 allodium
1554 1075 1702 1115 ibidem
1736 1075 1777 1115 in
1798 1074 2006 1116 Schirke—

152 1148 249 1187 witz
281 1147 406 1199 iacet,
448 1156 538 1185 cum
580 1146 687 1185 omni
725 1146 816 1185 iure
848 1145 1117 1196 proprietatis
1158 1156 1208 1184 ac
1252 1144 1429 1198 dominii7
1468 1144 1576 1184 sicut
1614 1155 1692 1184 nos
1731 1142 2005 1195 possedimus7

150 1216 244 1255 sine
274 1214 549 1266 impedicione
581 1217 623 1254 et
655 1213 995 1253 contradiccione
1028 1216 1174 1253 nostra
1207 1216 1249 1253 et
1281 1213 1503 1253 amicorum
1535 1215 1767 1252 nostrorum
1801 1215 2004 1262 perpetuo

150 1284 284 1324 libere
316 1282 623 1335 possidendum.
684 1282 752 1322 Ne
785 1285 920 1322 autem
954 1279 1118 1332 prefata
1150 1282 1407 1321 commutatio
1448 1281 1582 1332 possit
1612 1281 1654 1320 in
1687 1283 1895 1332 posterum
1929 1289 2005 1329 per

150 1353 326 1403 aliquem
359 1352 570 1405 immutari,
604 1354 841 1403 presentem
875 1352 1074 1404 paginam
1107 1354 1252 1390 nostro
1285 1350 1429 1404 sigillo
1461 1349 1753 1403 sigillauimus⁷
1785 1351 1827 1387 et
1858 1346 2001 1400 sigillo

151 1420 301 1460 domiui
333 1419 495 1459 Mathei
529 1419 581 1458 de
613 1418 889 1471 Schirnahor.,
929 1422 972 1457 et
1010 1418 1154 1471 sigillo
1194 1429 1323 1467 supra
1357 1417 1468 1455 dicte
1507 1416 1668 1455 domine
1701 1415 1917 1454 abbatisse
1950 1413 2004 1453 de

150 1488 280 1528 Porta
312 1488 406 1541 celi,
440 1487 548 1539 quod
580 1486 716 1540 vvlgo
749 1486 898 1525 dicitur
931 1485 1224 1538 'I'liusnawitz.,
1256 1483 1428 1524 fecimus
1460 1483 1710 1523 communiri.
1774 1483 1905 1521 Facta
1938 1485 2006 1521 est

150 1558 230 1596 hec
262 1555 520 1596 commutatio
553 1555 595 1594 in
626 1554 813 1607 Brunna7
847 1564 956 1592 anno
990 1553 1139 1591 domini
1180 1552 1240 1592 Μ.
1274 1549 1364 1592 CC.
1404 1550 1680 1604 nonagesimo
1713 1550 1862 1603 tercio,
1904 1559 2004 1600 pre-

149 1624 338 1664 sentibus
370 1623 548 1663 testibus
581 1622 635 1662 ad
665 1622 746 1662 hoc
778 1622 945 1676 rogatis
978 1624 1021 1661 et
1052 1621 1238 1660 vocatis:
1274 1620 1449 1659 Domino
1481 1618 1702 1672 XVitgone
1734 1617 1786 1657 de
1819 1616 2006 1658 Swabe-

149 1694 248 1747 nitz7
288 1692 448 1732 domino
479 1691 655 1732 Matheo
694 1690 747 1730 de
779 1689 1056 1743 Schirnalior7
1096 1689 1257 1728 domino
1299 1688 1517 1741 XVitgone
1558 1687 1611 1726 de
1642 1685 1792 1726 Luzka
1831 1689 1873 1725 et
1912 1685 2006 1725 aliis

150 1774 269 1814 quam
301 1760 488 1812 pluribus
520 1757 600 1799 fide
632 1759 790 1814 dignis.
840 1758 992 1798 Datum
1024 1758 1065 1796 in
1096 1757 1189 1796 loco
1224 1753 1386 1807 prefato
1419 1756 1559 1807 quinto
1593 1753 1716 1794 Ydus
1748 1753 2003 1807 Nouenbris⁷

150 1831 188 1870 id
224 1833 289 1870 est
320 1828 507 1870 secunda
538 1826 646 1868 feria
678 1827 865 1879 proxima
899 1829 998 1866 ante
1030 1825 1135 1866 diem
1169 1825 1279 1865 beati
1306 1824 1479 1865 Martini
1512 1821 1785 1877 confessoris,
1818 1825 2004 1872 tempore

150 1899 344 1952 colloquii
376 1897 610 1953 generalis.
641 1895 873 1936 Indictiono
906 1895 1006 1934 VH.

460 1995 514 2028 Ex
538 1994 740 2038 originali
764 2004 836 2026 cum
860 1993 962 2025 tribus
986 1993 1104 2036 sigillis
1128 1993 1286 2035 appensis
1310 1993 1341 2036 in
1365 1990 1500 2024 archivo
1524 1989 1714 2031 ejusdem
1737 1988 1933 2021 monasterii.

948 2159 1210 2204 CCCXXII.

152 2268 309 2317 Aqnes,
356 2276 471 2304 uror
518 2265 677 2305 domim·
730 2264 865 2318 Irjtek
913 2264 966 2304 de
1010 2262 1261 2305 ›swcibem‘ce
1306 2260 1473 2313 confer!
1514 2258 1768 2300 monasterio
1814 2256 2006 2298 Zurensz‘

151 2334 331 2375 mediam
365 2337 528 2386 partem
558 2335 685 2373 villae
717 2333 965 2375 Kriicmow.
1029 2333 1103 2372 DI.
1135 2332 1326 2382 Brumae,
1367 2329 1448 2370 XI.
1482 2327 1706 2369 Kalendas
1739 2324 2002 2375 Decembris,

1005 2399 1156 2440 1293.

325 2493 385 2555 In
417 2512 579 2552 nomine
618 2510 765 2549 domini
805 2522 937 2550 amen.
1001 2509 1096 2558 Qve
1134 2509 1278 2548 intuitu
1318 2512 1555 2548 eternarum
1596 2509 1796 2561 aguntur,
1835 2513 1889 2543 ne
1927 2511 2003 2552 per

152 2582 370 2622 obliuionis
403 2580 601 2620 incuriam
634 2579 676 2618 in
709 2579 862 2617 irritum
896 2582 1162 2630 reuocentur,
1201 2577 1276 2617 scd
1311 2577 1456 2628 pocius
1490 2576 1656 2627 pietatis
1689 2571 1870 2624 posteris
1903 2568 2002 2608 dent
