2138 2845
1074 158 1182 197 344

197 302 355 342 iuribus
396 301 483 340 suis
516 300 557 339 in
589 299 670 354 his,
711 310 792 351 que
831 311 960 352 super
998 303 1154 340 terram
1194 303 1236 340 et
1275 299 1353 340 sub
1387 303 1516 355 terra,
1557 304 1680 356 agris
1712 304 1833 345 cultis
1866 306 1958 345 sine
1990 306 2057 345 in-

197 371 318 410 cultis
351 368 612 420 corporalem
637 368 929 409 induceremus
955 371 1203 420 potestatem
1227 369 1454 408 secundum
1487 370 1577 410 iura
1605 371 1741 411 ciuilia
1776 376 1817 413 et
1840 377 2057 414 consueta.

194 437 287 477 Nos
326 438 467 489 itaque
510 437 608 477 licet
647 437 836 477 homines
884 438 1029 477 seculo
1071 437 1213 491 dediti7
1262 437 1379 477 deum
1422 440 1560 478 tamen
1599 450 1674 490 pre
1723 441 1854 480 oculis
1893 453 2059 494 semper

194 505 355 546 habere
388 506 620 559 cupientes7
661 506 858 546 adhibitis
898 506 1020 545 nobis
1060 506 1163 545 uiris
1204 506 1466 556 sapientibus
1507 508 1738 559 reperimus
1772 509 1959 559 predicta
1992 510 2059 549 in-

194 578 425 615 strumenta
458 575 574 614 clara
614 575 709 615 luce
749 575 1004 615 intuentibus
1046 575 1235 629 integra,
1277 575 1537 629 inconuulsa⁷
1577 588 1660 616 non
1698 577 1947 631 cancellata,
1978 588 2059 617 nec

196 643 366 697 abolita⁷
405 654 485 683 nec-
527 644 568 682 in
610 643 748 695 aliqua
791 645 911 695 parte
951 643 1014 682 sui
1055 644 1208 683 uiolata
1241 643 1404 696 absque
1444 643 1631 683 omnibus
1671 645 1985 685 corrasionibus
2018 648 2061 685 et

194 712 343 766 lituris,
375 715 457 752 tum
491 711 769 752 veridicorum
802 715 844 752 et
887 710 968 751 fide
1000 711 1223 766 dignorum
1265 715 1427 752 testium
1460 713 1772 765 subscriptione
1806 718 1848 755 et
1879 714 2060 754 authen-

195 781 366 821 ticorum
410 780 729 831 dependentium
780 781 998 821 munimine
1044 782 1280 836 sigillorum
1330 782 1602 833 [roboratas]
1643 783 1753 822 nullo
1794 782 1846 823 de
1885 782 2060 823 consilio

196 849 427 900 sapientum
460 848 571 888 nullo
604 849 787 889 leuitat1s
820 854 929 891 motu
961 851 1164 905 ventilati,
1196 851 1306 891 nulla
1342 851 1580 892 venalitatis
1607 851 1828 891 ambitione
1861 852 2060 906 corrupti,

196 915 399 969 prefatum
440 916 642 957 dominum
682 918 896 973 Iacobum,
936 919 1131 959 abbatem
1175 920 1360 960 ecclesie
1401 920 1628 974 Siloensis,
1669 921 1832 960 nomine
1875 920 2061 960 ecclesie

196 997 273 1026 sue
312 987 353 1026 in
392 987 653 1038 corporalem
692 988 978 1038 prenominate
1025 988 1147 1039 sylue
1188 988 1297 1028 inter
1338 989 1461 1028 villas
1503 989 1702 1029 videlicet
1749 990 1972 1042 Popowz'tz
2019 992 2062 1029 et

202 1055 414 1107 IVoIfram
446 1056 582 1106 posite
616 1056 876 1097 iusticialiter
913 1060 955 1097 et
996 1057 1314 1097 sentencialiter
1353 1057 1586 1097 induximus
1619 1058 1948 1113 possessionem,
1981 1056 2061 1098 ad-

194 1123 429 1164 iudicantes
470 1124 602 1164 eidem
643 1124 805 1165 domino
845 1126 988 1166 abbati
1028 1129 1070 1166 et
1108 1137 1185 1166 sne
1226 1127 1412 1167 ecclesie
1453 1125 1637 1168 Siloensi
1678 1126 1852 1167 eandem
1900 1127 2061 1178 syluam

195 1193 422 1232 secundum
462 1193 570 1245 quod
605 1195 848 1245 promissum
888 1199 955 1234 est
994 1198 1037 1234 et
1069 1194 1269 1235 dictorum
1309 1198 1431 1235 tenor
1469 1196 1655 1235 continet
1685 1196 2061 1236 instrumentorum.

196 1262 254 1303 Ut
286 1262 338 1301 ad
372 1262 452 1301 hec
486 1265 631 1302 nostra
664 1263 846 1303 inductio
880 1266 922 1303 et
954 1264 1163 1304 sententia
1193 1264 1271 1304 rite
1304 1267 1347 1304 et
1378 1264 1607 1304 secundum
1633 1275 1884 1304 communem
1917 1266 2062 1304 nostre

195 1331 376 1369 ciuitatis
417 1335 458 1371 et
491 1332 623 1372 eciam
663 1332 959 1383 prouincialem
1000 1332 1223 1383 equitatem
1262 1332 1346 1371 lata
1386 1333 1631 1384 calumpniis
1669 1345 1752 1372 non
1785 1335 1948 1387 pereat,
1981 1331 2060 1372 sed

197 1402 400 1450 perpetue
433 1397 632 1439 firmitatis
661 1400 789 1440 robur
821 1399 1009 1440 obtineat
1031 1399 1248 1451 sepedicto
1283 1399 1444 1439 domino
1469 1400 1624 1440 Iacobo
1653 1411 1832 1452 presens
1864 1401 2063 1452 scriptum

197 1478 326 1517 super
365 1479 416 1506 eo
457 1467 548 1507 dari
590 1466 763 1507 secimus
804 1469 936 1523 sigilli
978 1469 1158 1508 ciuitatis
1200 1472 1344 1508 nostre
1385 1470 1644 1520 appensione
1685 1470 1938 1524 roboratum,
1972 1480 2063 1509 cum

198 1536 475 1575 veridicorum
509 1536 821 1587 subscriptione
853 1538 1032 1591 testium7
1073 1537 1140 1589 qui
1174 1537 1284 1577 dicte
1326 1541 1471 1577 nostre
1511 1538 1736 1578 inductioni
1769 1537 2062 1593 interfuerunt,

197 1615 368 1656 quorum
395 1604 474 1644 hec
508 1609 604 1644 sunt
630 1607 817 1645 nomina:
850 1607 1117 1645 Hermannus
1150 1605 1286 1645 dictus
1312 1602 1459 1659 Cotig.
1494 1606 1709 1661 Vinricus7
1732 1606 1921 1646 Heinrici
1943 1604 2064 1661 filius,

197 1672 443 1712 aduocatus.
476 1673 738 1713 Leutholdus
762 1674 898 1713 dictus
924 1674 1188 1714 Thur-huser.
1220 1675 1434 1714 Henricus
1459 1675 1667 1715 Bauarus.
1700 1673 1752 1716 G.
1785 1674 1921 1715 dictus
1942 1674 2065 1716 albus

198 1745 241 1781 et
272 1742 340 1780 alii
375 1753 495 1794 quam
538 1743 680 1793 plures
720 1743 800 1782 viri
840 1741 970 1794 [fide]
1011 1743 1146 1798 digni.
1209 1744 1363 1784 Datum
1403 1755 1479 1795 per
1518 1755 1664 1784 manus
1706 1744 1935 1785 Hermanni
1965 1747 2065 1784 tunc

197 1812 377 1850 rectoris
399 1811 651 1865 scholarum⁷
678 1824 787 1852 anno
816 1813 968 1867 gracie
994 1813 1220 1868 millesimo,
1249 1813 1547 1867 ducentesimo7
1568 1814 1872 1868 octuagesimo,
1898 1815 2064 1868 octauo,

198 1883 323 1920 sexta
355 1880 576 1920 Kalendas
609 1880 845 1921 Februarii.

511 1979 540 2011 E
565 1981 659 2021 copia
684 1980 823 2022 simplici
846 1990 937 2014 saec.
962 1981 1056 2014 XVl.
1081 1982 1111 2013 in
1134 1981 1270 2013 archivo
1294 1982 1437 2013 civitatis
1459 1980 1724 2022 ‘Iglavicnsis

1018 2146 1239 2190 CCLXV.

208 2244 507 2298 Theodericus,
533 2250 755 2301 episcopus
777 2250 1084 2302 olomucensis,
1111 2251 1402 2293 Christianum
1426 2255 1737 2304 praesentatam
1762 2264 1788 2291 a
1811 2251 2066 2291 monasterio

266 2313 546 2354 aslon-(mensi
579 2317 636 2355 ad
667 2320 888 2358 ecclesiam
930 2320 973 2359 in
1006 2319 1278 2360 Zbigkowice
1318 2321 1550 2373 confirmat.
1613 2322 1687 2361 De.
1719 2321 1764 2360 in
1795 2319 2003 2372 Modr'w‘ce⁷

779 2388 849 2427 Vl.
884 2389 1109 2429 Kalendas
1142 2390 1306 2439 Martii,
1347 2388 1499 2431 1288.

352 2476 679 2550 Theodericus7
715 2497 779 2536 dei
821 2501 974 2552 gracia
1017 2501 1241 2552 episcopus
1282 2500 1572 2542 Olomucensis
1606 2499 1804 2552 ecclesie,
1838 2497 1988 2537 dilecto
2021 2497 2063 2536 in

207 2559 378 2602 Christo
420 2563 645 2604 Christano
688 2566 952 2623 presbytero,
995 2569 1168 2610 salutem
1212 2573 1253 2610 et
1294 2571 1503 2610 sinceram
1547 2570 1586 2609 in
1628 2568 1788 2608 domino
1832 2566 2064 2606 caritatem.
