<?xml version="1.0" encoding="UTF-8"?>
<!DOCTYPE html PUBLIC "-//W3C//DTD XHTML 1.0 Transitional//EN"
    "http://www.w3.org/TR/xhtml1/DTD/xhtml1-transitional.dtd">
<html xmlns="http://www.w3.org/1999/xhtml" xml:lang="en" lang="en">
 <head>
  <title>
</title>
<meta http-equiv="Content-Type" content="text/html;charset=utf-8" />
  <meta name='ocr-system' content='tesseract 3.04.00' />
  <meta name='ocr-capabilities' content='ocr_page ocr_carea ocr_par ocr_line ocrx_word'/>
</head>
<body>
  <div class='ocr_page' id='page_1' title='image "./codexdiplomaticu04morauoft_0413.png"; bbox 0 0 2138 2845; ppageno 0'>
   <div class='ocr_carea' id='block_1_1' title="bbox 923 186 1127 247">
    <p class='ocr_par' dir='ltr' id='par_1_1' title="bbox 923 186 1127 247">
     <span class='ocr_line' id='line_1_1' title="bbox 923 186 1127 247; baseline -0.005 -20"><span class='ocrx_word' id='word_1_1' title='bbox 923 186 1127 247; x_wconf 37' lang='lat'>367*—</span> 
     </span>
    </p>
   </div>
   <div class='ocr_carea' id='block_1_2' title="bbox 822 244 1006 248">
    <p class='ocr_par' dir='ltr' id='par_1_2' title="bbox 822 244 1006 248">
     <span class='ocr_line' id='line_1_2' title="bbox 822 244 1006 248; baseline 0 0"><span class='ocrx_word' id='word_1_2' title='bbox 822 244 1006 248; x_wconf 95' lang='lat' dir='ltr'><strong> </strong></span> 
     </span>
    </p>
   </div>
   <div class='ocr_carea' id='block_1_3' title="bbox 879 325 1075 369">
    <p class='ocr_par' dir='ltr' id='par_1_3' title="bbox 879 325 1075 369">
     <span class='ocr_line' id='line_1_3' title="bbox 879 325 1075 369; baseline -0.015 0"><span class='ocrx_word' id='word_1_3' title='bbox 879 325 1075 369; x_wconf 83' lang='lat' dir='ltr'>CCXCI.</span> 
     </span>
    </p>
   </div>
   <div class='ocr_carea' id='block_1_4' title="bbox 52 420 1841 540">
    <p class='ocr_par' dir='ltr' id='par_1_4' title="bbox 52 420 1841 540">
     <span class='ocr_line' id='line_1_4' title="bbox 108 420 1841 477; baseline -0.002 -12"><span class='ocrx_word' id='word_1_4' title='bbox 108 424 226 465; x_wconf 83' lang='lat' dir='ltr'><em>Idem</em></span> <span class='ocrx_word' id='word_1_5' title='bbox 246 425 354 477; x_wconf 80' lang='lat' dir='ltr'><strong>jura</strong></span> <span class='ocrx_word' id='word_1_6' title='bbox 394 426 432 464; x_wconf 79' lang='lat' dir='ltr'><strong>el</strong></span> <span class='ocrx_word' id='word_1_7' title='bbox 462 423 669 464; x_wconf 74' lang='lat' dir='ltr'><em>libertates</em></span> <span class='ocrx_word' id='word_1_8' title='bbox 708 423 886 462; x_wconf 62' lang='lat' dir='ltr'><strong>cit-itatis</strong></span> <span class='ocrx_word' id='word_1_9' title='bbox 920 421 1242 463; x_wconf 75' lang='lat' dir='ltr'><strong>Oremsz‘riensis</strong></span> <span class='ocrx_word' id='word_1_10' title='bbox 1282 420 1446 460; x_wconf 67' lang='lat' dir='ltr'><strong>stabilit.</strong></span> <span class='ocrx_word' id='word_1_11' title='bbox 1513 423 1582 461; x_wconf 81' lang='lat' dir='ltr'><strong>m.</strong></span> <span class='ocrx_word' id='word_1_12' title='bbox 1617 423 1658 461; x_wconf 77' lang='lat' dir='ltr'><strong>in</strong></span> <span class='ocrx_word' id='word_1_13' title='bbox 1692 424 1841 477; x_wconf 57' lang='lat' dir='ltr'><strong>Hulju,</strong></span> 
     </span>
     <span class='ocr_line' id='line_1_5' title="bbox 52 486 1340 540; baseline -0.005 -7"><span class='ocrx_word' id='word_1_14' title='bbox 52 486 55 488; x_wconf 51' lang='grc'><strong>’</strong></span> <span class='ocrx_word' id='word_1_15' title='bbox 603 491 736 531; x_wconf 88' lang='lat' dir='ltr'><em>XIII.</em></span> <span class='ocrx_word' id='word_1_16' title='bbox 769 489 993 531; x_wconf 75' lang='lat' dir='ltr'><em>Kalendas</em></span> <span class='ocrx_word' id='word_1_17' title='bbox 1025 489 1149 540; x_wconf 67' lang='lat' dir='ltr'><strong>dulit,</strong></span> <span class='ocrx_word' id='word_1_18' title='bbox 1189 488 1340 529; x_wconf 77' lang='lat'><strong>1290.</strong></span> 
     </span>
    </p>
   </div>
   <div class='ocr_carea' id='block_1_5' title="bbox 46 585 1912 2635">
    <p class='ocr_par' dir='ltr' id='par_1_5' title="bbox 46 585 1912 2635">
     <span class='ocr_line' id='line_1_6' title="bbox 193 585 1903 656; baseline -0.002 -13"><span class='ocrx_word' id='word_1_19' title='bbox 193 585 521 656; x_wconf 81' lang='lat' dir='ltr'><strong>Theodericus,</strong></span> <span class='ocrx_word' id='word_1_20' title='bbox 562 601 627 641; x_wconf 87' lang='lat' dir='ltr'><strong>dei</strong></span> <span class='ocrx_word' id='word_1_21' title='bbox 675 601 829 655; x_wconf 79' lang='lat' dir='ltr'>gracia</span> <span class='ocrx_word' id='word_1_22' title='bbox 877 600 1165 640; x_wconf 81' lang='lat' dir='ltr'><strong>Oiomucensis</strong></span> <span class='ocrx_word' id='word_1_23' title='bbox 1213 601 1451 654; x_wconf 86' lang='lat' dir='ltr'><strong>episcopus,</strong></span> <span class='ocrx_word' id='word_1_24' title='bbox 1499 600 1684 640; x_wconf 89' lang='lat' dir='ltr'><strong>omnibus</strong></span> <span class='ocrx_word' id='word_1_25' title='bbox 1727 601 1764 640; x_wconf 90' lang='lat' dir='ltr'><strong>in</strong></span> <span class='ocrx_word' id='word_1_26' title='bbox 1804 613 1903 652; x_wconf 91' lang='lat' dir='ltr'><strong>per-</strong></span> 
     </span>
     <span class='ocr_line' id='line_1_7' title="bbox 49 668 1904 725; baseline -0.003 -12"><span class='ocrx_word' id='word_1_27' title='bbox 49 676 227 725; x_wconf 85' lang='lat' dir='ltr'><strong>petuum.</strong></span> <span class='ocrx_word' id='word_1_28' title='bbox 290 672 350 711; x_wconf 87' lang='lat' dir='ltr'><strong>Vt</strong></span> <span class='ocrx_word' id='word_1_29' title='bbox 382 682 494 725; x_wconf 89' lang='lat' dir='ltr'><strong>erga</strong></span> <span class='ocrx_word' id='word_1_30' title='bbox 526 670 715 710; x_wconf 89' lang='lat' dir='ltr'><strong>subditos</strong></span> <span class='ocrx_word' id='word_1_31' title='bbox 749 673 917 708; x_wconf 88' lang='lat' dir='ltr'><strong>nostros</strong></span> <span class='ocrx_word' id='word_1_32' title='bbox 951 669 1069 708; x_wconf 91' lang='lat' dir='ltr'><strong>ciues</strong></span> <span class='ocrx_word' id='word_1_33' title='bbox 1111 668 1427 710; x_wconf 65' lang='lat' dir='ltr'><strong>Crem-§irenses</strong></span> <span class='ocrx_word' id='word_1_34' title='bbox 1468 668 1664 708; x_wconf 88' lang='lat' dir='ltr'><strong>videlicet</strong></span> <span class='ocrx_word' id='word_1_35' title='bbox 1704 669 1743 707; x_wconf 91' lang='lat' dir='ltr'><strong>in</strong></span> <span class='ocrx_word' id='word_1_36' title='bbox 1784 669 1904 708; x_wconf 89' lang='lat' dir='ltr'><strong>huius</strong></span> 
     </span>
     <span class='ocr_line' id='line_1_8' title="bbox 48 736 1904 792; baseline -0.002 -12"><span class='ocrx_word' id='word_1_37' title='bbox 48 741 264 792; x_wconf 77' lang='lat' dir='ltr'><strong>positionis</strong></span> <span class='ocrx_word' id='word_1_38' title='bbox 297 743 339 779; x_wconf 94' lang='lat' dir='ltr'><strong>et</strong></span> <span class='ocrx_word' id='word_1_39' title='bbox 372 739 638 791; x_wconf 83' lang='lat' dir='ltr'><strong>plantationis</strong></span> <span class='ocrx_word' id='word_1_40' title='bbox 672 749 780 778; x_wconf 92' lang='lat' dir='ltr'><strong>noue</strong></span> <span class='ocrx_word' id='word_1_41' title='bbox 813 738 895 776; x_wconf 90' lang='lat' dir='ltr'><strong>situ</strong></span> <span class='ocrx_word' id='word_1_42' title='bbox 929 737 1139 787; x_wconf 88' lang='lat' dir='ltr'><strong>plurimum</strong></span> <span class='ocrx_word' id='word_1_43' title='bbox 1173 736 1377 792; x_wconf 82' lang='lat' dir='ltr'><strong>fatigatos</strong></span> <span class='ocrx_word' id='word_1_44' title='bbox 1409 745 1601 789; x_wconf 83' lang='lat' dir='ltr'><strong>tanquam</strong></span> <span class='ocrx_word' id='word_1_45' title='bbox 1645 748 1756 791; x_wconf 85' lang='lat' dir='ltr'><strong>erga</strong></span> <span class='ocrx_word' id='word_1_46' title='bbox 1798 736 1904 777; x_wconf 87' lang='lat' dir='ltr'><strong>filios</strong></span> 
     </span>
     <span class='ocr_line' id='line_1_9' title="bbox 46 804 1905 861; baseline -0.003 -12"><span class='ocrx_word' id='word_1_47' title='bbox 46 813 223 861; x_wconf 89' lang='lat' dir='ltr'><strong>paterne</strong></span> <span class='ocrx_word' id='word_1_48' title='bbox 257 808 490 847; x_wconf 86' lang='lat' dir='ltr'><strong>dilectionis</strong></span> <span class='ocrx_word' id='word_1_49' title='bbox 524 808 762 859; x_wconf 78' lang='lat' dir='ltr'><strong>impleamus</strong></span> <span class='ocrx_word' id='word_1_50' title='bbox 796 804 999 859; x_wconf 84' lang='lat' dir='ltr'><strong>affectum,</strong></span> <span class='ocrx_word' id='word_1_51' title='bbox 1032 810 1075 845; x_wconf 87' lang='lat' dir='ltr'><strong>ut</strong></span> <span class='ocrx_word' id='word_1_52' title='bbox 1115 817 1189 845; x_wconf 86' lang='lat' dir='ltr'><strong>eos</strong></span> <span class='ocrx_word' id='word_1_53' title='bbox 1224 807 1263 845; x_wconf 92' lang='lat' dir='ltr'><strong>in</strong></span> <span class='ocrx_word' id='word_1_54' title='bbox 1297 807 1387 845; x_wconf 88' lang='lat' dir='ltr'><strong>sinu</strong></span> <span class='ocrx_word' id='word_1_55' title='bbox 1422 807 1574 859; x_wconf 86' lang='lat' dir='ltr'><strong>gracie</strong></span> <span class='ocrx_word' id='word_1_56' title='bbox 1615 809 1758 844; x_wconf 88' lang='lat' dir='ltr'><strong>nostre</strong></span> <span class='ocrx_word' id='word_1_57' title='bbox 1799 817 1905 844; x_wconf 92' lang='lat' dir='ltr'><strong>con-</strong></span> 
     </span>
     <span class='ocr_line' id='line_1_10' title="bbox 48 874 1908 931; baseline -0.002 -14"><span class='ocrx_word' id='word_1_58' title='bbox 48 876 229 917; x_wconf 90' lang='lat' dir='ltr'><strong>souendo</strong></span> <span class='ocrx_word' id='word_1_59' title='bbox 262 877 533 931; x_wconf 88' lang='lat' dir='ltr'><strong>regulatione</strong></span> <span class='ocrx_word' id='word_1_60' title='bbox 576 876 716 916; x_wconf 87' lang='lat' dir='ltr'><strong>debita</strong></span> <span class='ocrx_word' id='word_1_61' title='bbox 757 879 906 915; x_wconf 87' lang='lat' dir='ltr'><strong>statum</strong></span> <span class='ocrx_word' id='word_1_62' title='bbox 947 874 1205 914; x_wconf 84' lang='lat' dir='ltr'><strong>moderemur</strong></span> <span class='ocrx_word' id='word_1_63' title='bbox 1237 875 1431 927; x_wconf 87' lang='lat' dir='ltr'><strong>ipsorum,</strong></span> <span class='ocrx_word' id='word_1_64' title='bbox 1474 874 1652 926; x_wconf 88' lang='lat' dir='ltr'><strong>qualiter</strong></span> <span class='ocrx_word' id='word_1_65' title='bbox 1695 874 1747 913; x_wconf 91' lang='lat' dir='ltr'><strong>ad</strong></span> <span class='ocrx_word' id='word_1_66' title='bbox 1791 878 1908 914; x_wconf 84' lang='lat' dir='ltr'><strong>certa</strong></span> 
     </span>
     <span class='ocr_line' id='line_1_11' title="bbox 47 941 1907 997; baseline -0.001 -13"><span class='ocrx_word' id='word_1_67' title='bbox 47 945 168 985; x_wconf 89' lang='lat' dir='ltr'><strong>nobis</strong></span> <span class='ocrx_word' id='word_1_68' title='bbox 193 944 397 996; x_wconf 87' lang='lat' dir='ltr'><strong>obsequia</strong></span> <span class='ocrx_word' id='word_1_69' title='bbox 415 956 492 984; x_wconf 83' lang='lat' dir='ltr'><strong>seu</strong></span> <span class='ocrx_word' id='word_1_70' title='bbox 511 946 791 996; x_wconf 90' lang='lat' dir='ltr'><strong>prestationes</strong></span> <span class='ocrx_word' id='word_1_71' title='bbox 809 954 858 983; x_wconf 90' lang='lat' dir='ltr'><strong>se</strong></span> <span class='ocrx_word' id='word_1_72' title='bbox 882 948 1173 997; x_wconf 82' lang='lat' dir='ltr'><strong>agnoscentes</strong></span> <span class='ocrx_word' id='word_1_73' title='bbox 1196 944 1343 997; x_wconf 86' lang='lat' dir='ltr'><strong>teneri,</strong></span> <span class='ocrx_word' id='word_1_74' title='bbox 1361 944 1489 982; x_wconf 90' lang='lat' dir='ltr'><strong>certis</strong></span> <span class='ocrx_word' id='word_1_75' title='bbox 1508 954 1671 994; x_wconf 89' lang='lat' dir='ltr'><strong>quoque</strong></span> <span class='ocrx_word' id='word_1_76' title='bbox 1690 941 1907 982; x_wconf 87' lang='lat' dir='ltr'><strong>beneficiis</strong></span> 
     </span>
     <span class='ocr_line' id='line_1_12' title="bbox 49 1010 1908 1068; baseline -0.003 -14"><span class='ocrx_word' id='word_1_77' title='bbox 49 1017 92 1054; x_wconf 86' lang='lat' dir='ltr'><strong>et</strong></span> <span class='ocrx_word' id='word_1_78' title='bbox 122 1014 401 1068; x_wconf 72' lang='lat' dir='ltr'><strong>libertatibus,</strong></span> <span class='ocrx_word' id='word_1_79' title='bbox 448 1025 504 1053; x_wconf 83' lang='lat' dir='ltr'><strong>ex</strong></span> <span class='ocrx_word' id='word_1_80' title='bbox 550 1018 693 1054; x_wconf 89' lang='lat' dir='ltr'><strong>nostra</strong></span> <span class='ocrx_word' id='word_1_81' title='bbox 734 1015 812 1053; x_wconf 89' lang='lat' dir='ltr'><strong>sibi</strong></span> <span class='ocrx_word' id='word_1_82' title='bbox 856 1014 1085 1068; x_wconf 78' lang='lat' dir='ltr'><strong>largitione</strong></span> <span class='ocrx_word' id='word_1_83' title='bbox 1119 1013 1337 1052; x_wconf 86' lang='lat' dir='ltr'><strong>concessis</strong></span> <span class='ocrx_word' id='word_1_84' title='bbox 1371 1011 1588 1051; x_wconf 87' lang='lat' dir='ltr'><strong>iucundius</strong></span> <span class='ocrx_word' id='word_1_85' title='bbox 1630 1010 1908 1062; x_wconf 88' lang='lat' dir='ltr'><strong>perfruantur.</strong></span> 
     </span>
     <span class='ocr_line' id='line_1_13' title="bbox 50 1080 1907 1133; baseline -0.002 -12"><span class='ocrx_word' id='word_1_86' title='bbox 50 1081 174 1121; x_wconf 85' lang='lat' dir='ltr'><strong>Licet</strong></span> <span class='ocrx_word' id='word_1_87' title='bbox 212 1092 288 1121; x_wconf 92' lang='lat' dir='ltr'><strong>eos</strong></span> <span class='ocrx_word' id='word_1_88' title='bbox 330 1082 557 1121; x_wconf 89' lang='lat' dir='ltr'><strong>secundum</strong></span> <span class='ocrx_word' id='word_1_89' title='bbox 604 1084 668 1121; x_wconf 91' lang='lat' dir='ltr'><strong>ius</strong></span> <span class='ocrx_word' id='word_1_90' title='bbox 708 1083 887 1121; x_wconf 87' lang='lat' dir='ltr'><strong>ciuitatis</strong></span> <span class='ocrx_word' id='word_1_91' title='bbox 927 1081 1190 1121; x_wconf 87' lang='lat' dir='ltr'><strong>Brunnensis</strong></span> <span class='ocrx_word' id='word_1_92' title='bbox 1230 1083 1272 1120; x_wconf 91' lang='lat' dir='ltr'><strong>in</strong></span> <span class='ocrx_word' id='word_1_93' title='bbox 1314 1081 1402 1119; x_wconf 89' lang='lat' dir='ltr'><strong>suis</strong></span> <span class='ocrx_word' id='word_1_94' title='bbox 1445 1081 1586 1118; x_wconf 84' lang='lat' dir='ltr'><strong>causis</strong></span> <span class='ocrx_word' id='word_1_95' title='bbox 1628 1083 1669 1119; x_wconf 90' lang='lat' dir='ltr'><strong>et</strong></span> <span class='ocrx_word' id='word_1_96' title='bbox 1711 1080 1907 1133; x_wconf 83' lang='lat' dir='ltr'><strong>negociis</strong></span> 
     </span>
     <span class='ocr_line' id='line_1_14' title="bbox 49 1148 1909 1205; baseline -0.002 -16"><span class='ocrx_word' id='word_1_97' title='bbox 49 1151 148 1204; x_wconf 87' lang='lat' dir='ltr'><strong>regi</strong></span> <span class='ocrx_word' id='word_1_98' title='bbox 183 1154 224 1189; x_wconf 94' lang='lat' dir='ltr'><strong>et</strong></span> <span class='ocrx_word' id='word_1_99' title='bbox 257 1150 385 1205; x_wconf 79' lang='lat' dir='ltr'><strong>dirigi</strong></span> <span class='ocrx_word' id='word_1_100' title='bbox 419 1155 659 1204; x_wconf 86' lang='lat' dir='ltr'><strong>statuamuS,</strong></span> <span class='ocrx_word' id='word_1_101' title='bbox 693 1155 827 1191; x_wconf 89' lang='lat' dir='ltr'><strong>tamen</strong></span> <span class='ocrx_word' id='word_1_102' title='bbox 860 1162 988 1202; x_wconf 87' lang='lat' dir='ltr'><strong>super</strong></span> <span class='ocrx_word' id='word_1_103' title='bbox 1021 1151 1150 1189; x_wconf 90' lang='lat' dir='ltr'><strong>certis</strong></span> <span class='ocrx_word' id='word_1_104' title='bbox 1191 1149 1377 1188; x_wconf 85' lang='lat' dir='ltr'><strong>articulis</strong></span> <span class='ocrx_word' id='word_1_105' title='bbox 1410 1148 1463 1187; x_wconf 88' lang='lat' dir='ltr'><strong>ad</strong></span> <span class='ocrx_word' id='word_1_106' title='bbox 1497 1159 1636 1186; x_wconf 90' lang='lat' dir='ltr'><strong>eorum</strong></span> <span class='ocrx_word' id='word_1_107' title='bbox 1672 1148 1909 1187; x_wconf 82' lang='lat' dir='ltr'><strong>instantiam</strong></span> 
     </span>
     <span class='ocr_line' id='line_1_15' title="bbox 49 1216 1906 1271; baseline -0.001 -14"><span class='ocrx_word' id='word_1_108' title='bbox 49 1217 221 1258; x_wconf 84' lang='lat' dir='ltr'><strong>adicere</strong></span> <span class='ocrx_word' id='word_1_109' title='bbox 262 1220 480 1270; x_wconf 86' lang='lat' dir='ltr'><strong>cupientes</strong></span> <span class='ocrx_word' id='word_1_110' title='bbox 526 1220 751 1271; x_wconf 86' lang='lat' dir='ltr'><strong>specialem</strong></span> <span class='ocrx_word' id='word_1_111' title='bbox 795 1220 856 1259; x_wconf 92' lang='lat' dir='ltr'><strong>eis</strong></span> <span class='ocrx_word' id='word_1_112' title='bbox 889 1231 1071 1258; x_wconf 87' lang='lat' dir='ltr'><strong>normam</strong></span> <span class='ocrx_word' id='word_1_113' title='bbox 1106 1218 1159 1257; x_wconf 92' lang='lat' dir='ltr'><strong>de</strong></span> <span class='ocrx_word' id='word_1_114' title='bbox 1200 1229 1410 1257; x_wconf 91' lang='lat' dir='ltr'><strong>consensu</strong></span> <span class='ocrx_word' id='word_1_115' title='bbox 1452 1218 1580 1256; x_wconf 86' lang='lat' dir='ltr'><strong>nostri</strong></span> <span class='ocrx_word' id='word_1_116' title='bbox 1615 1216 1906 1256; x_wconf 84' lang='lat' dir='ltr'><strong>olomucensis</strong></span> 
     </span>
     <span class='ocr_line' id='line_1_16' title="bbox 53 1285 1909 1340; baseline -0.002 -15"><span class='ocrx_word' id='word_1_117' title='bbox 53 1287 220 1337; x_wconf 89' lang='lat' dir='ltr'><strong>capituli</strong></span> <span class='ocrx_word' id='word_1_118' title='bbox 253 1290 401 1327; x_wconf 88' lang='lat' dir='ltr'><strong>tenore</strong></span> <span class='ocrx_word' id='word_1_119' title='bbox 443 1289 695 1338; x_wconf 84' lang='lat' dir='ltr'><strong>presentium</strong></span> <span class='ocrx_word' id='word_1_120' title='bbox 735 1287 924 1326; x_wconf 87' lang='lat' dir='ltr'><strong>duximus</strong></span> <span class='ocrx_word' id='word_1_121' title='bbox 967 1285 1270 1340; x_wconf 85' lang='lat' dir='ltr'><strong>prefigendam.</strong></span> <span class='ocrx_word' id='word_1_122' title='bbox 1342 1286 1388 1324; x_wconf 88' lang='lat' dir='ltr'><strong>In</strong></span> <span class='ocrx_word' id='word_1_123' title='bbox 1429 1286 1566 1336; x_wconf 89' lang='lat' dir='ltr'><strong>primis</strong></span> <span class='ocrx_word' id='word_1_124' title='bbox 1600 1296 1764 1336; x_wconf 87' lang='lat' dir='ltr'><strong>quoque</strong></span> <span class='ocrx_word' id='word_1_125' title='bbox 1807 1296 1909 1335; x_wconf 84' lang='lat' dir='ltr'><strong>pro-</strong></span> 
     </span>
     <span class='ocr_line' id='line_1_17' title="bbox 48 1353 1909 1408; baseline -0.001 -16"><span class='ocrx_word' id='word_1_126' title='bbox 48 1354 236 1393; x_wconf 83' lang='lat' dir='ltr'><strong>mittimus</strong></span> <span class='ocrx_word' id='word_1_127' title='bbox 270 1355 440 1408; x_wconf 88' lang='lat' dir='ltr'><strong>eisdem,</strong></span> <span class='ocrx_word' id='word_1_128' title='bbox 476 1356 583 1407; x_wconf 88' lang='lat' dir='ltr'><strong>quod</strong></span> <span class='ocrx_word' id='word_1_129' title='bbox 617 1357 657 1394; x_wconf 92' lang='lat' dir='ltr'><strong>in</strong></span> <span class='ocrx_word' id='word_1_130' title='bbox 691 1354 981 1394; x_wconf 89' lang='lat' dir='ltr'><strong>constituendo</strong></span> <span class='ocrx_word' id='word_1_131' title='bbox 1015 1354 1220 1393; x_wconf 85' lang='lat' dir='ltr'><strong>aduocato</strong></span> <span class='ocrx_word' id='word_1_132' title='bbox 1246 1364 1322 1392; x_wconf 87' lang='lat' dir='ltr'><strong>seu</strong></span> <span class='ocrx_word' id='word_1_133' title='bbox 1349 1353 1484 1391; x_wconf 84' lang='lat' dir='ltr'><strong>indice</strong></span> <span class='ocrx_word' id='word_1_134' title='bbox 1514 1353 1694 1391; x_wconf 88' lang='lat' dir='ltr'><strong>ciuitatis</strong></span> <span class='ocrx_word' id='word_1_135' title='bbox 1729 1354 1909 1403; x_wconf 86' lang='lat' dir='ltr'><strong>ipsorum</strong></span> 
     </span>
     <span class='ocr_line' id='line_1_18' title="bbox 51 1422 1905 1475; baseline -0.002 -13"><span class='ocrx_word' id='word_1_136' title='bbox 51 1432 130 1462; x_wconf 88' lang='lat' dir='ltr'><strong>seu</strong></span> <span class='ocrx_word' id='word_1_137' title='bbox 155 1423 276 1462; x_wconf 89' lang='lat' dir='ltr'><strong>etiam</strong></span> <span class='ocrx_word' id='word_1_138' title='bbox 305 1425 556 1463; x_wconf 91' lang='lat' dir='ltr'><strong>remouendo</strong></span> <span class='ocrx_word' id='word_1_139' title='bbox 581 1423 844 1463; x_wconf 87' lang='lat' dir='ltr'><strong>scabinorum</strong></span> <span class='ocrx_word' id='word_1_140' title='bbox 871 1423 1050 1473; x_wconf 88' lang='lat' dir='ltr'><strong>ipsorum</strong></span> <span class='ocrx_word' id='word_1_141' title='bbox 1077 1422 1288 1461; x_wconf 76' lang='lat' dir='ltr'><strong>consilium</strong></span> <span class='ocrx_word' id='word_1_142' title='bbox 1311 1422 1582 1475; x_wconf 84' lang='lat' dir='ltr'><strong>requiremus,</strong></span> <span class='ocrx_word' id='word_1_143' title='bbox 1601 1433 1651 1460; x_wconf 87' lang='lat' dir='ltr'><strong>ac</strong></span> <span class='ocrx_word' id='word_1_144' title='bbox 1674 1422 1905 1475; x_wconf 78' lang='lat' dir='ltr'><strong>statuimus,</strong></span> 
     </span>
     <span class='ocr_line' id='line_1_19' title="bbox 51 1489 1912 1544; baseline 0 -14"><span class='ocrx_word' id='word_1_145' title='bbox 51 1489 161 1542; x_wconf 89' lang='lat' dir='ltr'><strong>quod</strong></span> <span class='ocrx_word' id='word_1_146' title='bbox 194 1490 300 1530; x_wconf 87' lang='lat' dir='ltr'><strong>idem</strong></span> <span class='ocrx_word' id='word_1_147' title='bbox 334 1491 462 1530; x_wconf 84' lang='lat' dir='ltr'><strong>iudex</strong></span> <span class='ocrx_word' id='word_1_148' title='bbox 494 1503 571 1531; x_wconf 89' lang='lat' dir='ltr'><strong>seu</strong></span> <span class='ocrx_word' id='word_1_149' title='bbox 604 1492 851 1544; x_wconf 88' lang='lat' dir='ltr'><strong>aduocatus,</strong></span> <span class='ocrx_word' id='word_1_150' title='bbox 894 1491 962 1542; x_wconf 93' lang='lat' dir='ltr'><strong>qui</strong></span> <span class='ocrx_word' id='word_1_151' title='bbox 1005 1502 1079 1542; x_wconf 92' lang='lat' dir='ltr'><strong>pro</strong></span> <span class='ocrx_word' id='word_1_152' title='bbox 1119 1495 1303 1541; x_wconf 88' lang='lat' dir='ltr'><strong>tempore</strong></span> <span class='ocrx_word' id='word_1_153' title='bbox 1345 1489 1482 1543; x_wconf 88' lang='lat' dir='ltr'><strong>fuerit,</strong></span> <span class='ocrx_word' id='word_1_154' title='bbox 1525 1491 1563 1528; x_wconf 89' lang='lat' dir='ltr'><strong>in</strong></span> <span class='ocrx_word' id='word_1_155' title='bbox 1605 1490 1828 1529; x_wconf 87' lang='lat' dir='ltr'><strong>iudicando</strong></span> <span class='ocrx_word' id='word_1_156' title='bbox 1870 1494 1912 1530; x_wconf 89' lang='lat' dir='ltr'><strong>et</strong></span> 
     </span>
     <span class='ocr_line' id='line_1_20' title="bbox 55 1557 1912 1612; baseline -0.001 -15"><span class='ocrx_word' id='word_1_157' title='bbox 55 1558 411 1612; x_wconf 76' lang='lat' dir='ltr'><strong>condempnando,</strong></span> <span class='ocrx_word' id='word_1_158' title='bbox 459 1570 591 1610; x_wconf 89' lang='lat' dir='ltr'><strong>penas</strong></span> <span class='ocrx_word' id='word_1_159' title='bbox 640 1557 872 1610; x_wconf 86' lang='lat' dir='ltr'><strong>inserendo,</strong></span> <span class='ocrx_word' id='word_1_160' title='bbox 922 1561 993 1596; x_wconf 85' lang='lat' dir='ltr'><strong>aut</strong></span> <span class='ocrx_word' id='word_1_161' title='bbox 1051 1558 1249 1597; x_wconf 88' lang='lat' dir='ltr'><strong>emendas</strong></span> <span class='ocrx_word' id='word_1_162' title='bbox 1309 1558 1377 1597; x_wconf 90' lang='lat' dir='ltr'><strong>vel</strong></span> <span class='ocrx_word' id='word_1_163' title='bbox 1434 1558 1579 1608; x_wconf 86' lang='lat' dir='ltr'><strong>culpas</strong></span> <span class='ocrx_word' id='word_1_164' title='bbox 1635 1558 1912 1610; x_wconf 83' lang='lat' dir='ltr'><strong>exquirendo,</strong></span> 
     </span>
     <span class='ocr_line' id='line_1_21' title="bbox 51 1626 1909 1678; baseline -0.001 -12"><span class='ocrx_word' id='word_1_165' title='bbox 51 1629 247 1666; x_wconf 85' lang='lat' dir='ltr'><strong>teneatur</strong></span> <span class='ocrx_word' id='word_1_166' title='bbox 279 1627 496 1678; x_wconf 86' lang='lat' dir='ltr'><strong>requirere</strong></span> <span class='ocrx_word' id='word_1_167' title='bbox 530 1630 571 1665; x_wconf 92' lang='lat' dir='ltr'><strong>et</strong></span> <span class='ocrx_word' id='word_1_168' title='bbox 605 1627 725 1678; x_wconf 87' lang='lat' dir='ltr'><strong>sequi</strong></span> <span class='ocrx_word' id='word_1_169' title='bbox 751 1626 924 1665; x_wconf 86' lang='lat' dir='ltr'><strong>consilia</strong></span> <span class='ocrx_word' id='word_1_170' title='bbox 951 1627 1186 1665; x_wconf 88' lang='lat' dir='ltr'><strong>iuratorum.</strong></span> <span class='ocrx_word' id='word_1_171' title='bbox 1244 1627 1343 1665; x_wconf 87' lang='lat' dir='ltr'><strong>Item</strong></span> <span class='ocrx_word' id='word_1_172' title='bbox 1378 1627 1607 1678; x_wconf 82' lang='lat' dir='ltr'><strong>statuimus,</strong></span> <span class='ocrx_word' id='word_1_173' title='bbox 1640 1630 1682 1664; x_wconf 87' lang='lat' dir='ltr'><strong>ut</strong></span> <span class='ocrx_word' id='word_1_174' title='bbox 1716 1627 1909 1664; x_wconf 89' lang='lat' dir='ltr'><strong>canonici</strong></span> 
     </span>
     <span class='ocr_line' id='line_1_22' title="bbox 55 1693 1910 1744; baseline -0.001 -10"><span class='ocrx_word' id='word_1_175' title='bbox 55 1705 134 1734; x_wconf 88' lang='lat' dir='ltr'><strong>seu</strong></span> <span class='ocrx_word' id='word_1_176' title='bbox 172 1696 439 1734; x_wconf 86' lang='lat' dir='ltr'><strong>mansionarii</strong></span> <span class='ocrx_word' id='word_1_177' title='bbox 481 1695 665 1734; x_wconf 86' lang='lat' dir='ltr'><strong>ecclesie</strong></span> <span class='ocrx_word' id='word_1_178' title='bbox 705 1693 1011 1735; x_wconf 86' lang='lat' dir='ltr'><strong>Cremsirensis</strong></span> <span class='ocrx_word' id='word_1_179' title='bbox 1045 1699 1138 1734; x_wconf 89' lang='lat' dir='ltr'><strong>octo</strong></span> <span class='ocrx_word' id='word_1_180' title='bbox 1170 1698 1323 1734; x_wconf 89' lang='lat' dir='ltr'><strong>tantum</strong></span> <span class='ocrx_word' id='word_1_181' title='bbox 1364 1693 1505 1732; x_wconf 87' lang='lat' dir='ltr'><strong>domos</strong></span> <span class='ocrx_word' id='word_1_182' title='bbox 1546 1694 1704 1732; x_wconf 87' lang='lat' dir='ltr'><strong>liberas</strong></span> <span class='ocrx_word' id='word_1_183' title='bbox 1745 1706 1819 1744; x_wconf 84' lang='lat' dir='ltr'><strong>pro</strong></span> <span class='ocrx_word' id='word_1_184' title='bbox 1861 1705 1910 1733; x_wconf 84' lang='lat' dir='ltr'><strong>se</strong></span> 
     </span>
     <span class='ocr_line' id='line_1_23' title="bbox 55 1762 1911 1817; baseline -0.002 -13"><span class='ocrx_word' id='word_1_185' title='bbox 55 1763 284 1817; x_wconf 73' lang='lat' dir='ltr'><strong>obtineant,</strong></span> <span class='ocrx_word' id='word_1_186' title='bbox 318 1764 373 1803; x_wconf 87' lang='lat' dir='ltr'><strong>ita</strong></span> <span class='ocrx_word' id='word_1_187' title='bbox 405 1769 553 1817; x_wconf 88' lang='lat' dir='ltr'><strong>tamen,</strong></span> <span class='ocrx_word' id='word_1_188' title='bbox 585 1767 628 1803; x_wconf 89' lang='lat' dir='ltr'><strong>ut</strong></span> <span class='ocrx_word' id='word_1_189' title='bbox 660 1762 712 1802; x_wconf 88' lang='lat' dir='ltr'><strong>ad</strong></span> <span class='ocrx_word' id='word_1_190' title='bbox 745 1763 1005 1801; x_wconf 87' lang='lat' dir='ltr'><strong>munitionem</strong></span> <span class='ocrx_word' id='word_1_191' title='bbox 1037 1763 1216 1802; x_wconf 87' lang='lat' dir='ltr'><strong>ciuitatis</strong></span> <span class='ocrx_word' id='word_1_192' title='bbox 1251 1762 1532 1813; x_wconf 86' lang='lat' dir='ltr'><strong>complendam</strong></span> <span class='ocrx_word' id='word_1_193' title='bbox 1561 1774 1700 1801; x_wconf 90' lang='lat' dir='ltr'><strong>eorum</strong></span> <span class='ocrx_word' id='word_1_194' title='bbox 1727 1762 1911 1815; x_wconf 89' lang='lat' dir='ltr'><strong>quilibet,</strong></span> 
     </span>
     <span class='ocr_line' id='line_1_24' title="bbox 60 1829 1911 1886; baseline -0.001 -15"><span class='ocrx_word' id='word_1_195' title='bbox 60 1831 170 1871; x_wconf 84' lang='lat' dir='ltr'><strong>sicut</strong></span> <span class='ocrx_word' id='word_1_196' title='bbox 210 1835 253 1871; x_wconf 89' lang='lat' dir='ltr'><strong>et</strong></span> <span class='ocrx_word' id='word_1_197' title='bbox 293 1832 451 1886; x_wconf 87' lang='lat' dir='ltr'><strong>singuli</strong></span> <span class='ocrx_word' id='word_1_198' title='bbox 492 1832 639 1870; x_wconf 90' lang='lat' dir='ltr'><strong>ciuium</strong></span> <span class='ocrx_word' id='word_1_199' title='bbox 680 1834 915 1869; x_wconf 85' lang='lat' dir='ltr'><strong>teneantur.</strong></span> <span class='ocrx_word' id='word_1_200' title='bbox 988 1831 1357 1883; x_wconf 84' lang='lat' dir='ltr'><strong>Item-statuimus,</strong></span> <span class='ocrx_word' id='word_1_201' title='bbox 1396 1834 1439 1869; x_wconf 88' lang='lat' dir='ltr'><strong>ut</strong></span> <span class='ocrx_word' id='word_1_202' title='bbox 1481 1829 1616 1870; x_wconf 85' lang='lat' dir='ltr'><strong>famuli</strong></span> <span class='ocrx_word' id='word_1_203' title='bbox 1660 1832 1699 1869; x_wconf 92' lang='lat' dir='ltr'><strong>in</strong></span> <span class='ocrx_word' id='word_1_204' title='bbox 1739 1832 1911 1870; x_wconf 88' lang='lat' dir='ltr'><strong>ciuitate</strong></span> 
     </span>
     <span class='ocr_line' id='line_1_25' title="bbox 56 1898 1911 1953; baseline -0.001 -14"><span class='ocrx_word' id='word_1_205' title='bbox 56 1899 312 1953; x_wconf 73' lang='lat' dir='ltr'><strong>residentes,</strong></span> <span class='ocrx_word' id='word_1_206' title='bbox 359 1904 430 1939; x_wconf 89' lang='lat' dir='ltr'><strong>aut</strong></span> <span class='ocrx_word' id='word_1_207' title='bbox 470 1900 536 1951; x_wconf 94' lang='lat' dir='ltr'><strong>qui</strong></span> <span class='ocrx_word' id='word_1_208' title='bbox 581 1899 830 1950; x_wconf 88' lang='lat' dir='ltr'><strong>postmodum</strong></span> <span class='ocrx_word' id='word_1_209' title='bbox 871 1898 1129 1952; x_wconf 89' lang='lat' dir='ltr'><strong>residebunt,</strong></span> <span class='ocrx_word' id='word_1_210' title='bbox 1171 1899 1222 1938; x_wconf 88' lang='lat' dir='ltr'><strong>ad</strong></span> <span class='ocrx_word' id='word_1_211' title='bbox 1266 1899 1572 1938; x_wconf 86' lang='lat' dir='ltr'><strong>obseruandum</strong></span> <span class='ocrx_word' id='word_1_212' title='bbox 1615 1900 1676 1938; x_wconf 84' lang='lat' dir='ltr'><strong>ius</strong></span> <span class='ocrx_word' id='word_1_213' title='bbox 1717 1900 1911 1953; x_wconf 88' lang='lat' dir='ltr'><strong>ciuitatis,</strong></span> 
     </span>
     <span class='ocr_line' id='line_1_26' title="bbox 51 1965 1912 2021; baseline 0.001 -15"><span class='ocrx_word' id='word_1_214' title='bbox 51 1967 163 2006; x_wconf 89' lang='lat' dir='ltr'><strong>sicut</strong></span> <span class='ocrx_word' id='word_1_215' title='bbox 205 1971 247 2006; x_wconf 88' lang='lat' dir='ltr'><strong>et</strong></span> <span class='ocrx_word' id='word_1_216' title='bbox 294 1969 425 2007; x_wconf 91' lang='lat' dir='ltr'><strong>ceteri</strong></span> <span class='ocrx_word' id='word_1_217' title='bbox 473 1968 606 2019; x_wconf 88' lang='lat' dir='ltr'><strong>ciues,</strong></span> <span class='ocrx_word' id='word_1_218' title='bbox 646 1968 728 2006; x_wconf 88' lang='lat' dir='ltr'><strong>sint</strong></span> <span class='ocrx_word' id='word_1_219' title='bbox 774 1967 942 2006; x_wconf 85' lang='lat' dir='ltr'><strong>obnoxii</strong></span> <span class='ocrx_word' id='word_1_220' title='bbox 984 1971 1026 2006; x_wconf 92' lang='lat' dir='ltr'><strong>et</strong></span> <span class='ocrx_word' id='word_1_221' title='bbox 1066 1968 1241 2021; x_wconf 71' lang='lat' dir='ltr'><strong>astricti,</strong></span> <span class='ocrx_word' id='word_1_222' title='bbox 1282 1968 1475 2018; x_wconf 83' lang='lat' dir='ltr'><strong>exceptis</strong></span> <span class='ocrx_word' id='word_1_223' title='bbox 1526 1967 1616 2006; x_wconf 85' lang='lat' dir='ltr'><strong>liliis</strong></span> <span class='ocrx_word' id='word_1_224' title='bbox 1651 1965 1816 2007; x_wconf 84' lang='lat' dir='ltr'><strong>Cunlini</strong></span> <span class='ocrx_word' id='word_1_225' title='bbox 1859 1968 1912 2007; x_wconf 88' lang='lat' dir='ltr'><strong>de</strong></span> 
     </span>
     <span class='ocr_line' id='line_1_27' title="bbox 57 2033 1909 2090; baseline 0.001 -16"><span class='ocrx_word' id='word_1_226' title='bbox 57 2035 321 2089; x_wconf 87' lang='lat' dir='ltr'><strong>Landsberg</strong></span> <span class='ocrx_word' id='word_1_227' title='bbox 362 2040 404 2075; x_wconf 91' lang='lat' dir='ltr'><strong>et</strong></span> <span class='ocrx_word' id='word_1_228' title='bbox 450 2034 540 2075; x_wconf 89' lang='lat' dir='ltr'><strong>filiis</strong></span> <span class='ocrx_word' id='word_1_229' title='bbox 586 2033 770 2075; x_wconf 89' lang='lat' dir='ltr'><strong>Conradi</strong></span> <span class='ocrx_word' id='word_1_230' title='bbox 814 2035 866 2075; x_wconf 91' lang='lat' dir='ltr'><strong>de</strong></span> <span class='ocrx_word' id='word_1_231' title='bbox 916 2036 1165 2088; x_wconf 86' lang='lat' dir='ltr'><strong>Iernowicz,</strong></span> <span class='ocrx_word' id='word_1_232' title='bbox 1207 2037 1273 2087; x_wconf 93' lang='lat' dir='ltr'><strong>qui</strong></span> <span class='ocrx_word' id='word_1_233' title='bbox 1316 2036 1509 2075; x_wconf 88' lang='lat' dir='ltr'><strong>libertate</strong></span> <span class='ocrx_word' id='word_1_234' title='bbox 1557 2048 1633 2075; x_wconf 84' lang='lat' dir='ltr'><strong>sua</strong></span> <span class='ocrx_word' id='word_1_235' title='bbox 1675 2036 1909 2090; x_wconf 86' lang='lat' dir='ltr'><strong>gaudeant,</strong></span> 
     </span>
     <span class='ocr_line' id='line_1_28' title="bbox 54 2103 1910 2157; baseline 0.001 -16"><span class='ocrx_word' id='word_1_236' title='bbox 54 2108 176 2154; x_wconf 89' lang='lat' dir='ltr'><strong>prout</strong></span> <span class='ocrx_word' id='word_1_237' title='bbox 218 2104 257 2142; x_wconf 93' lang='lat' dir='ltr'><strong>in</strong></span> <span class='ocrx_word' id='word_1_238' title='bbox 299 2115 439 2143; x_wconf 90' lang='lat' dir='ltr'><strong>eorum</strong></span> <span class='ocrx_word' id='word_1_239' title='bbox 483 2104 720 2157; x_wconf 88' lang='lat' dir='ltr'><strong>priuilegiis</strong></span> <span class='ocrx_word' id='word_1_240' title='bbox 769 2104 930 2154; x_wconf 87' lang='lat' dir='ltr'><strong>plenius</strong></span> <span class='ocrx_word' id='word_1_241' title='bbox 978 2105 1225 2144; x_wconf 83' lang='lat' dir='ltr'><strong>continetur.</strong></span> <span class='ocrx_word' id='word_1_242' title='bbox 1290 2103 1581 2154; x_wconf 67' lang='lat' dir='ltr'><strong>Meynliardus</strong></span> <span class='ocrx_word' id='word_1_243' title='bbox 1623 2115 1787 2156; x_wconf 88' lang='lat' dir='ltr'><strong>quoque</strong></span> <span class='ocrx_word' id='word_1_244' title='bbox 1831 2104 1910 2143; x_wconf 85' lang='lat' dir='ltr'><strong>ad-</strong></span> 
     </span>
     <span class='ocr_line' id='line_1_29' title="bbox 61 2171 1912 2225; baseline 0.001 -15"><span class='ocrx_word' id='word_1_245' title='bbox 61 2175 233 2211; x_wconf 81' lang='lat' dir='ltr'><strong>uocatus</strong></span> <span class='ocrx_word' id='word_1_246' title='bbox 273 2172 494 2211; x_wconf 87' lang='lat' dir='ltr'><strong>modernus</strong></span> <span class='ocrx_word' id='word_1_247' title='bbox 534 2173 624 2211; x_wconf 88' lang='lat' dir='ltr'><strong>siue</strong></span> <span class='ocrx_word' id='word_1_248' title='bbox 665 2173 706 2211; x_wconf 91' lang='lat' dir='ltr'><strong>in</strong></span> <span class='ocrx_word' id='word_1_249' title='bbox 746 2171 878 2211; x_wconf 82' lang='lat' dir='ltr'><strong>officio</strong></span> <span class='ocrx_word' id='word_1_250' title='bbox 919 2184 995 2211; x_wconf 91' lang='lat' dir='ltr'><strong>suo</strong></span> <span class='ocrx_word' id='word_1_251' title='bbox 1036 2174 1247 2225; x_wconf 84' lang='lat' dir='ltr'><strong>manserit,</strong></span> <span class='ocrx_word' id='word_1_252' title='bbox 1290 2173 1380 2211; x_wconf 87' lang='lat' dir='ltr'><strong>sine</strong></span> <span class='ocrx_word' id='word_1_253' title='bbox 1424 2177 1565 2223; x_wconf 86' lang='lat' dir='ltr'><strong>preter</strong></span> <span class='ocrx_word' id='word_1_254' title='bbox 1604 2171 1789 2224; x_wconf 82' lang='lat' dir='ltr'><strong>officium,</strong></span> <span class='ocrx_word' id='word_1_255' title='bbox 1828 2184 1912 2212; x_wconf 87' lang='lat' dir='ltr'><strong>una</strong></span> 
     </span>
     <span class='ocr_line' id='line_1_30' title="bbox 55 2240 1908 2293; baseline 0.001 -15"><span class='ocrx_word' id='word_1_256' title='bbox 55 2250 150 2279; x_wconf 90' lang='lat' dir='ltr'><strong>cum</strong></span> <span class='ocrx_word' id='word_1_257' title='bbox 183 2240 403 2291; x_wconf 83' lang='lat' dir='ltr'><strong>Rudolpho</strong></span> <span class='ocrx_word' id='word_1_258' title='bbox 437 2240 488 2279; x_wconf 83' lang='lat' dir='ltr'><strong>(le</strong></span> <span class='ocrx_word' id='word_1_259' title='bbox 522 2241 774 2280; x_wconf 80' lang='lat' dir='ltr'><strong>Scliecwicz</strong></span> <span class='ocrx_word' id='word_1_260' title='bbox 808 2241 949 2280; x_wconf 87' lang='lat' dir='ltr'><strong>domos</strong></span> <span class='ocrx_word' id='word_1_261' title='bbox 983 2241 1139 2280; x_wconf 85' lang='lat' dir='ltr'><strong>liberas</strong></span> <span class='ocrx_word' id='word_1_262' title='bbox 1175 2241 1411 2293; x_wconf 75' lang='lat' dir='ltr'><strong>obtineant3</strong></span> <span class='ocrx_word' id='word_1_263' title='bbox 1444 2241 1518 2279; x_wconf 82' lang='lat' dir='ltr'><strong>sed</strong></span> <span class='ocrx_word' id='word_1_264' title='bbox 1560 2241 1611 2280; x_wconf 85' lang='lat' dir='ltr'><strong>ad</strong></span> <span class='ocrx_word' id='word_1_265' title='bbox 1645 2241 1908 2280; x_wconf 87' lang='lat' dir='ltr'><strong>munitionem</strong></span> 
     </span>
     <span class='ocr_line' id='line_1_31' title="bbox 52 2309 1907 2362; baseline 0 -15"><span class='ocrx_word' id='word_1_266' title='bbox 52 2309 251 2362; x_wconf 86' lang='lat' dir='ltr'><strong>ciuitatis,</strong></span> <span class='ocrx_word' id='word_1_267' title='bbox 300 2310 409 2348; x_wconf 78' lang='lat' dir='ltr'><strong>sicut</strong></span> <span class='ocrx_word' id='word_1_268' title='bbox 451 2310 582 2348; x_wconf 86' lang='lat' dir='ltr'><strong>ceteri</strong></span> <span class='ocrx_word' id='word_1_269' title='bbox 624 2311 755 2362; x_wconf 87' lang='lat' dir='ltr'><strong>ciues,</strong></span> <span class='ocrx_word' id='word_1_270' title='bbox 804 2313 1039 2348; x_wconf 89' lang='lat' dir='ltr'><strong>teneantur.</strong></span> <span class='ocrx_word' id='word_1_271' title='bbox 1114 2310 1214 2348; x_wconf 86' lang='lat' dir='ltr'><strong>ltem</strong></span> <span class='ocrx_word' id='word_1_272' title='bbox 1264 2309 1545 2362; x_wconf 85' lang='lat' dir='ltr'><strong>concedimus,</strong></span> <span class='ocrx_word' id='word_1_273' title='bbox 1586 2314 1628 2348; x_wconf 91' lang='lat' dir='ltr'><strong>ut</strong></span> <span class='ocrx_word' id='word_1_274' title='bbox 1670 2310 1747 2360; x_wconf 72' lang='lat' dir='ltr'><strong>ipsi</strong></span> <span class='ocrx_word' id='word_1_275' title='bbox 1790 2310 1907 2347; x_wconf 84' lang='lat' dir='ltr'><strong>ciues</strong></span> 
     </span>
     <span class='ocr_line' id='line_1_32' title="bbox 57 2377 1908 2431; baseline -0.001 -16"><span class='ocrx_word' id='word_1_276' title='bbox 57 2377 206 2416; x_wconf 78' lang='lat' dir='ltr'><strong>laneos</strong></span> <span class='ocrx_word' id='word_1_277' title='bbox 238 2388 354 2430; x_wconf 84' lang='lat' dir='ltr'><strong>suos,</strong></span> <span class='ocrx_word' id='word_1_278' title='bbox 388 2389 492 2428; x_wconf 88' lang='lat' dir='ltr'><strong>quos</strong></span> <span class='ocrx_word' id='word_1_279' title='bbox 525 2377 680 2417; x_wconf 85' lang='lat' dir='ltr'><strong>habent</strong></span> <span class='ocrx_word' id='word_1_280' title='bbox 713 2379 752 2416; x_wconf 92' lang='lat' dir='ltr'><strong>in</strong></span> <span class='ocrx_word' id='word_1_281' title='bbox 785 2377 1026 2430; x_wconf 76' lang='lat' dir='ltr'><strong>Sechwicz,</strong></span> <span class='ocrx_word' id='word_1_282' title='bbox 1059 2381 1129 2416; x_wconf 91' lang='lat' dir='ltr'><strong>aut</strong></span> <span class='ocrx_word' id='word_1_283' title='bbox 1156 2379 1375 2429; x_wconf 87' lang='lat' dir='ltr'><strong>acquirent</strong></span> <span class='ocrx_word' id='word_1_284' title='bbox 1400 2378 1663 2431; x_wconf 84' lang='lat' dir='ltr'><strong>postmodum,</strong></span> <span class='ocrx_word' id='word_1_285' title='bbox 1690 2390 1713 2416; x_wconf 89' lang='lat' dir='ltr'><strong>a</strong></span> <span class='ocrx_word' id='word_1_286' title='bbox 1742 2377 1908 2416; x_wconf 82' lang='lat' dir='ltr'><strong>rusticis</strong></span> 
     </span>
     <span class='ocr_line' id='line_1_33' title="bbox 53 2444 1908 2499; baseline -0.002 -13"><span class='ocrx_word' id='word_1_287' title='bbox 53 2445 123 2486; x_wconf 86' lang='lat' dir='ltr'><strong>vel</strong></span> <span class='ocrx_word' id='word_1_288' title='bbox 163 2457 188 2485; x_wconf 88' lang='lat' dir='ltr'><strong>a</strong></span> <span class='ocrx_word' id='word_1_289' title='bbox 227 2444 402 2497; x_wconf 83' lang='lat' dir='ltr'><strong>famulis,</strong></span> <span class='ocrx_word' id='word_1_290' title='bbox 436 2457 491 2484; x_wconf 86' lang='lat' dir='ltr'><strong>ex</strong></span> <span class='ocrx_word' id='word_1_291' title='bbox 524 2457 575 2485; x_wconf 86' lang='lat' dir='ltr'><strong>ea</strong></span> <span class='ocrx_word' id='word_1_292' title='bbox 617 2450 733 2497; x_wconf 85' lang='lat' dir='ltr'><strong>parte</strong></span> <span class='ocrx_word' id='word_1_293' title='bbox 784 2456 892 2496; x_wconf 89' lang='lat' dir='ltr'><strong>aque</strong></span> <span class='ocrx_word' id='word_1_294' title='bbox 926 2446 1119 2499; x_wconf 68' lang='lat' dir='ltr'><strong>Mon-auo,</strong></span> <span class='ocrx_word' id='word_1_295' title='bbox 1161 2456 1216 2485; x_wconf 86' lang='lat' dir='ltr'><strong>ex</strong></span> <span class='ocrx_word' id='word_1_296' title='bbox 1267 2457 1346 2497; x_wconf 87' lang='lat' dir='ltr'><strong>qua</strong></span> <span class='ocrx_word' id='word_1_297' title='bbox 1380 2448 1488 2486; x_wconf 90' lang='lat' dir='ltr'><strong>iacet</strong></span> <span class='ocrx_word' id='word_1_298' title='bbox 1521 2448 1681 2499; x_wconf 81' lang='lat' dir='ltr'><strong>ciuitas,</strong></span> <span class='ocrx_word' id='word_1_299' title='bbox 1716 2447 1755 2485; x_wconf 90' lang='lat' dir='ltr'><strong>in</strong></span> <span class='ocrx_word' id='word_1_300' title='bbox 1789 2445 1908 2484; x_wconf 78' lang='lat' dir='ltr'><strong>bonis</strong></span> 
     </span>
     <span class='ocr_line' id='line_1_34' title="bbox 53 2514 1906 2566; baseline -0.001 -14"><span class='ocrx_word' id='word_1_301' title='bbox 53 2514 208 2553; x_wconf 82' lang='lat' dir='ltr'><strong>nostris</strong></span> <span class='ocrx_word' id='word_1_302' title='bbox 242 2514 491 2566; x_wconf 81' lang='lat' dir='ltr'><strong>quibuslibet</strong></span> <span class='ocrx_word' id='word_1_303' title='bbox 531 2515 621 2553; x_wconf 84' lang='lat' dir='ltr'><strong>siue</strong></span> <span class='ocrx_word' id='word_1_304' title='bbox 661 2514 769 2552; x_wconf 76' lang='lat' dir='ltr'><strong>villis</strong></span> <span class='ocrx_word' id='word_1_305' title='bbox 811 2514 861 2552; x_wconf 81' lang='lat' dir='ltr'><strong>ad</strong></span> <span class='ocrx_word' id='word_1_306' title='bbox 903 2515 1086 2564; x_wconf 83' lang='lat' dir='ltr'><strong>spacium</strong></span> <span class='ocrx_word' id='word_1_307' title='bbox 1129 2515 1248 2553; x_wconf 83' lang='lat' dir='ltr'><strong>unius</strong></span> <span class='ocrx_word' id='word_1_308' title='bbox 1289 2515 1457 2554; x_wconf 83' lang='lat' dir='ltr'><strong>miliaris</strong></span> <span class='ocrx_word' id='word_1_309' title='bbox 1498 2516 1550 2554; x_wconf 88' lang='lat' dir='ltr'><strong>ab</strong></span> <span class='ocrx_word' id='word_1_310' title='bbox 1592 2516 1681 2565; x_wconf 77' lang='lat' dir='ltr'><strong>ipsa</strong></span> <span class='ocrx_word' id='word_1_311' title='bbox 1723 2514 1906 2565; x_wconf 84' lang='lat' dir='ltr'><strong>ciuitate,</strong></span> 
     </span>
     <span class='ocr_line' id='line_1_35' title="bbox 54 2581 1907 2635; baseline -0.002 -13"><span class='ocrx_word' id='word_1_312' title='bbox 54 2581 210 2622; x_wconf 88' lang='lat' dir='ltr'><strong>liberos</strong></span> <span class='ocrx_word' id='word_1_313' title='bbox 245 2582 356 2633; x_wconf 86' lang='lat' dir='ltr'><strong>ipsos</strong></span> <span class='ocrx_word' id='word_1_314' title='bbox 391 2583 653 2635; x_wconf 77' lang='lat' dir='ltr'><strong>possideant3</strong></span> <span class='ocrx_word' id='word_1_315' title='bbox 687 2583 900 2623; x_wconf 87' lang='lat' dir='ltr'><strong>collectam</strong></span> <span class='ocrx_word' id='word_1_316' title='bbox 934 2588 1067 2623; x_wconf 86' lang='lat' dir='ltr'><strong>tamen</strong></span> <span class='ocrx_word' id='word_1_317' title='bbox 1103 2595 1178 2623; x_wconf 86' lang='lat' dir='ltr'><strong>scu</strong></span> <span class='ocrx_word' id='word_1_318' title='bbox 1212 2588 1393 2624; x_wconf 87' lang='lat' dir='ltr'><strong>steuram</strong></span> <span class='ocrx_word' id='word_1_319' title='bbox 1425 2583 1674 2635; x_wconf 80' lang='lat' dir='ltr'><strong>[secundum</strong></span> <span class='ocrx_word' id='word_1_320' title='bbox 1701 2583 1907 2633; x_wconf 84' lang='lat' dir='ltr'><strong>antiquam</strong></span> 
     </span>
    </p>
   </div>
  </div>
 </body>
</html>
