2138 2845
1053 183 1160 224 408

181 331 220 368 et
268 326 566 376 Theodericus.
605 324 808 378 plebanus
853 326 1030 365 ecclesie
1070 326 1206 365 sancti
1248 323 1392 364 Iacobi
1430 325 1622 377 Brunne,
1663 329 1803 367 notum
1847 328 2035 381 facimus

180 397 404 445 rniuersis.
437 406 613 445 quorum
647 395 817 433 interest
845 406 984 444 nosse,
1018 394 1142 445 quod,
1175 406 1268 432 cum
1296 394 1402 432 inter
1433 405 1512 432 nos
1545 406 1673 446 super
1705 395 1901 436 limitibus
1931 409 2035 449 pre-

181 465 388 504 dictarum
430 464 705 502 ecclesiarum
744 466 985 501 nostrarum
1031 464 1189 514 questio
1231 465 1473 514 verteretur,
1522 462 1814 503 accedentibus
1850 466 1960 504 uotis
1999 468 2040 506 et

181 543 359 571 assensu
398 530 703 570 abbatissarum
746 534 785 569 et
821 534 1098 569 conventuum
1143 531 1494 570 monasteriorum
1533 530 1586 570 de
1628 531 1870 571 Tvsnawitz
1908 533 1948 571 et
1985 532 2038 573 de

182 601 304 649 ozia,
335 600 664 652 procurauimus
698 600 1030 638 commissionem
1061 599 1158 651 fieri
1189 599 1423 638 reuerendo
1452 600 1580 651 patri,
1613 599 1782 639 domino
1813 633 1824 644 ,
1857 628 1868 639 .
1900 598 2038 640 abbati

180 669 231 708 de
271 669 494 719 Welefflot,
528 671 569 706 rt
599 667 754 707 audilis
794 666 956 707 iuribus
985 669 1195 719 parcium,
1236 668 1436 719 inspectis
1473 669 1715 720 priuileyiis
1747 668 2037 721 ecclesiarum,

179 739 406 777 instructus
451 737 570 788 sama
622 739 660 775 et
700 736 881 787 testibus,
930 735 1210 775 consideratis
1253 736 1406 788 plateis
1456 739 1496 775 et
1541 735 1745 788 domibus,
1792 738 2038 777 auctoritate

181 807 488 845 commissionis
521 805 601 844 sibi
622 806 737 858 [acle
760 818 785 844 α
816 804 984 844 domino
1012 804 1102 855 Th„
1132 805 1328 856 episcopo
1354 804 1530 844 ecclesie
1555 805 1862 857 olomucensis,
1887 805 2038 845 limites

176 874 463 927 predictarum
489 874 762 913 ecclesiarum
790 873 1072 925 dis-linqueret,
1095 876 1295 925 perpetuo
1317 873 1536 912 valituros.
1574 874 1666 914 Nos
1686 875 1823 925 itaque
1838 874 2039 914 materias

180 944 309 982 lilium
344 942 541 991 odientes,
575 944 614 980 et
629 942 751 994 finem
771 943 945 993 neyocio
969 943 1144 981 celerem
1178 942 1392 994 imponere
1413 943 1636 994 cupientes,
1666 942 1751 995 fide
1768 943 2039 995 presencium

178 1023 256 1049 nos
302 1011 590 1061 astrinyimus,
637 1013 674 1048 et
719 1011 885 1049 sincere
928 1011 1220 1063 promittimus,
1267 1009 1390 1061 quod,
1436 1010 1637 1062 quicquid
1679 1023 1758 1063 per
1802 1009 2037 1063 predictum

179 1079 391 1118 domitium
424 1078 610 1118 abbatem
651 1079 702 1117 de
742 1079 955 1130 Weleyrac
991 1080 1035 1118 in
1075 1090 1207 1118 causa
1239 1078 1511 1119 timitacionis
1548 1080 1710 1132 factum
1743 1081 1782 1118 et
1811 1079 2039 1131 diffinitum

176 1149 319 1200 suerit,
364 1150 533 1199 ‚eratum
580 1151 796 1199 ratumque
842 1148 1081 1198 tenebimus,
1128 1159 1205 1186 nec
1252 1146 1304 1186 ab
1352 1158 1400 1186 eo
1446 1148 1709 1199 aliquatenus
1750 1146 2039 1200 temptabimus

178 1218 358 1256 resilire.
400 1216 525 1266 Quod
556 1217 593 1255 si
626 1217 729 1256 alter
750 1220 938 1256 nostrum
971 1217 1022 1256 ab
1055 1218 1145 1256 eius
1172 1215 1459 1268 ordinacione,
1486 1217 1760 1269 diffinio-ione,
1785 1216 2040 1256 limitat-ione

179 1285 402 1324 dissentire
434 1298 485 1324 uc
511 1285 679 1324 resilire
711 1287 981 1337 temptauerit,
1007 1289 1089 1325 tam
1121 1287 1213 1337 ipse
1237 1297 1361 1336 quam
1393 1286 1462 1324 sui
1486 1296 1758 1324 successores
1789 1285 1835 1325 in
1858 1284 2038 1324 ecclesia

178 1366 256 1393 suu
298 1355 342 1393 in
391 1366 521 1393 causa
570 1355 797 1404 questionis
844 1354 972 1394 liuius
1017 1356 1218 1406 perpetuo
1263 1353 1485 1393 multentur
1532 1354 1712 1404 silentio,
1759 1356 1800 1393 et
1834 1352 1886 1392 ab
1924 1352 2039 1392 omm’

179 1424 341 1462 actione
373 1434 419 1461 se
449 1423 646 1461 nouerint
676 1422 895 1461 decidisse.
960 1410 1017 1461 In*
1053 1423 1174 1461 cuius
1212 1422 1277 1460 rei
1318 1422 1594 1460 testimonium
1630 1423 1846 1473 presentes
1877 1421 2038 1460 litteras

179 1491 525 1542 conscripsimus,
565 1491 721 1541 siyitlis
762 1489 1063 1529 venerabilium
1099 1492 1281 1541 patrum,
1321 1488 1480 1528 domini
1517 1489 1724 1529 Iohannis
1763 1487 1817 1529 de
1855 1488 1959 1541 Sur,
2000 1491 2041 1529 et

180 1559 339 1599 domini
390 1558 590 1598 Waltlieri
630 1559 682 1598 de
721 1558 1005 1598 Zmilenlieim
1044 1557 1236 1597 abbatum
1277 1559 1316 1595 ec
1351 1558 1509 1596 nostris
1545 1557 1708 1608 pariter
1749 1558 2037 1596 communitas.

180 1629 338 1667 Datum
370 1628 550 1666 Brunne
581 1628 625 1666 in
658 1627 780 1666 domo
810 1628 997 1679 fratrum
1020 1627 1243 1676 minorum,
1266 1636 1378 1664 cinno
1410 1624 1569 1664 domini
1595 1623 2039 1666 MCGLXXXXIII.

180 1696 234 1736 Χ.
270 1695 494 1736 Kalendas
529 1696 638 1735 Ivlii.
703 1697 833 1736 Facto
866 1697 997 1750 igitur
1028 1696 1069 1735 in
1104 1706 1180 1735 nos
1213 1695 1283 1734 tali
1318 1694 1500 1745 parcium
1532 1695 1843 1748 compromisso,
1875 1693 2039 1749 litteris,

179 1765 333 1819 sigillis
367 1769 408 1804 et
440 1777 547 1816 pena
582 1765 792 1819 roborato,
825 1765 1050 1816 assumptis
1084 1763 1380 1815 prenominatis
1413 1762 1466 1802 de
1498 1761 1584 1803 Sar
1616 1765 1658 1802 et
1691 1762 1743 1802 de
1766 1761 2039 1802 Zmilenheim

179 1834 414 1886 abbatibus,
447 1838 527 1873 tam
563 1834 716 1873 tacobo
751 1845 870 1885 quam
904 1832 1171 1873 Theoderico
1195 1832 1414 1883 mult1sque
1447 1831 1540 1870 aliis
1572 1834 1652 1870 tam
1685 1830 1738 1871 de
1770 1829 1886 1870 clero
1918 1840 2041 1882 quam

179 1902 232 1941 de
256 1902 404 1952 populo
431 1902 643 1941 nobiscum
671 1901 1013 1954 commitantibus,
1042 1912 1160 1940 omne
1186 1901 1438 1940 Brunnense
1462 1899 1717 1951 suburbium,
1750 1899 1867 1938 iuxta
1899 1908 2039 1938 muros

182 1971 370 2022 positum7
420 1970 596 2023 plateas,
645 1970 800 2023 domos,
846 1982 974 2010 areas
1016 1970 1322 2021 perlustrantes
1370 1967 1592 2020 equitando
1635 1967 2041 2021 circumgirauimus⁷

182 2039 292 2091 quill7
326 2039 462 2092 quale,
504 2044 695 2089 quantum
736 2040 787 2079 ad
822 2043 1035 2090 utramque
1076 2040 1306 2090 pertineret
1345 2038 1581 2091 ecclesiam,
1623 2036 1716 2076 luce
1748 2036 1905 2076 clarius
1936 2045 2039 2087 per-

181 2111 433 2145 scrutantes.
499 2107 664 2147 Deinde
704 2109 808 2147 intra
848 2120 987 2146 muros
1030 2108 1159 2158 ipsam
1201 2107 1410 2145 ciuitatem
1450 2105 1696 2159 diligentius
1738 2104 1965 2158 intuentes,
1996 2105 2041 2144 et

182 2173 328 2212 limites
363 2176 687 2228 parrochiarum,
728 2187 832 2227 quos
872 2176 1097 2229 habebant,
1137 2175 1457 2214 considerantes
1499 2175 1616 2213 iuxta
1654 2171 1824 2213 sormam
1857 2172 2040 2224 priorum

184 2241 409 2279 litterarum
450 2243 609 2282 domino
650 2244 790 2283 abbati
831 2244 883 2284 ‹le
926 2245 1237 2285 Zaberdowicz
1277 2246 1448 2294 suisque
1487 2242 1723 2295 eoarbitris7
1763 2241 1832 2293 qui
1863 2241 1905 2280 in
1937 2250 2042 2292 pro-

186 2310 460 2348 nunciacione
494 2311 652 2350 arbitrii
695 2314 952 2353 concordare
993 2326 1075 2354 non
1118 2318 1324 2365 poterant,
1365 2313 1614 2352 directarum
1654 2313 1826 2364 stratas,
1859 2309 2040 2362 plateas,

184 2377 341 2430 domos,
374 2379 514 2416 cin-ias
548 2381 847 2432 agrimessoris
881 2382 1018 2422 stvdio
1051 2393 1100 2422 ac
1133 2382 1424 2434 sollicitudine,
1451 2392 1533 2420 non
1565 2383 1704 2419 tamen
1736 2377 1930 2431 funiculo,
1961 2375 2039 2416 sed

184 2448 275 2485 uisu
316 2450 357 2486 et
390 2448 524 2486 animo
558 2448 914 2503 perlustrauimus7
957 2454 999 2490 et
1038 2452 1146 2491 intra
1187 2450 1481 2490 consciencias
1523 2450 1692 2488 nostras
1724 2447 1863 2487 diuino
1894 2445 2038 2484 timore

185 2516 396 2554 constricti
442 2521 482 2555 et
522 2518 769 2556 anctoritate
810 2519 927 2557 nobis
968 2520 1186 2558 commissa
1228 2517 1322 2558 freti
1363 2518 1567 2570 quandam
1609 2517 1755 2556 localis
1787 2510 2038 2554 limitationis

186 2581 351 2622 sormam
392 2585 498 2623 inter
539 2584 750 2635 predictas
799 2587 1006 2627 ccclesias
1049 2587 1335 2638 publicandam
1384 2587 1664 2637 concepimus,
1707 2586 1748 2622 et
1793 2582 1835 2620 in
1876 2578 2039 2619 nomine
