2138 2845
990 190 1086 231 155

103 333 322 387 delegauit
346 332 592 372 audiendum
618 335 660 372 et
684 330 763 372 fine
796 331 935 372 debito
958 331 1270 384 terminandum,
1302 331 1394 370 sine
1419 330 1607 371 clausula
1633 343 1714 383 que
1740 333 1962 372 consueuit

101 403 267 455 apponi,
310 401 429 450 Quod
472 403 507 440 si
548 413 630 440 non
672 413 815 440 omnes
856 401 935 440 duo
977 405 1160 439 uestrum
1198 399 1484 439 nichilominus
1525 404 1829 454 exsequantur,
1863 402 1963 440 licet

103 482 129 511 a
167 471 289 510 nobis
329 471 408 510 hoc
448 471 500 509 ab
549 482 599 510 eo
642 471 846 509 instanter
887 474 1100 521 peteretur
1138 468 1245 521 quod
1294 474 1527 508 nostrarum
1575 469 1853 508 ecclesiarum
1893 470 1963 509 uel

103 539 275 580 alteram
317 550 457 579 earum
490 538 698 578 credimus
739 549 820 590 que
854 539 893 578 in
931 539 1018 577 iure
1058 539 1265 590 optineret
1296 538 1416 588 lapsu
1457 538 1655 588 temporis
1689 538 1958 588 preiudicium

105 607 357 647 redundare.
396 607 514 647 Sane
547 609 643 658 quia
678 608 797 645 nobis
830 607 958 645 uisum
984 604 1057 646 fuit
1088 606 1195 658 quod
1231 617 1306 657 per
1330 606 1569 645 iudiciorum
1603 607 1818 656 strepitum
1853 618 1961 645 non-

105 686 320 726 numquam
345 679 488 726 partes
511 679 800 728 grauarentur
824 675 1039 714 laboribus
1066 679 1108 714 et
1132 676 1345 728 expensis,
1374 675 1413 714 in
1440 674 1643 714 dominum
1667 674 1961 725 lo.[hannem]

106 743 336 796 pragensis
361 742 545 782 ecclesie
573 744 829 782 canonicum.
863 748 904 782 et
929 743 1128 782 (lominum
1154 743 1408 797 XVitgonem
1435 743 1740 783 olomuncensis
1774 743 1960 782 ecclesie

104 812 349 850 canonicum
392 812 732 862 conpromisimus
775 811 852 850 sub
886 812 965 850 hac
1006 810 1149 864 forma,
1187 815 1234 851 vt
1266 811 1453 851 dominus
1494 812 1553 850 lo.
1594 814 1692 851 tunc
1731 811 1963 851 aduncatus

105 879 289 918 ecclesie
329 879 370 918 in
411 877 545 920 Cuniz
587 881 721 918 omnia
762 881 1032 919 instrumenta
1072 880 1259 919 ecclesie
1300 881 1338 918 in
1381 879 1484 919 Ozla
1525 881 1801 931 competentia
1834 890 1964 931 super

104 947 196 986 iure
220 947 404 986 ecclesie
438 948 478 986 in
504 948 731 988 Droskwiz
757 948 807 987 ad
835 959 883 987 se
909 949 1131 1001 reciperet7
1165 948 1351 986 dominus
1380 959 1482 987 uero
1508 948 1669 1002 Witgo
1692 948 1965 987 instrumenta

105 1015 290 1054 ecclesie
323 1014 576 1056 Cunicensis
610 1021 651 1056 et
673 1016 828 1055 eisdem
863 1017 1092 1070 diligenter
1118 1017 1320 1066 inspectis
1353 1016 1405 1055 ad
1439 1028 1559 1055 unum
1592 1016 1722 1055 locum
1756 1016 1963 1056 deberent

104 1084 348 1137 conuenire⁷
381 1085 421 1123 in
455 1095 534 1135 quo
567 1085 793 1124 secundum
827 1083 944 1124 fidem
977 1085 1140 1123 nomine
1173 1085 1425 1122 sacramenti
1458 1083 1619 1123 domino
1652 1085 1720 1123 Al.
1750 1087 1963 1135 preposito

105 1151 387 1191 olomuncensi
421 1152 555 1192 datam
588 1153 793 1192 deberent
825 1153 1048 1191 arbitraria
1083 1156 1290 1202 potestate
1323 1150 1534 1191 diffinitiue
1568 1154 1847 1203 pronunciare
1881 1164 1962 1204 que

105 1219 377 1258 ecclesiarum
418 1225 648 1259 nostrarum
689 1221 831 1271 pocior
871 1223 988 1259 esset
1027 1220 1067 1258 in
1101 1220 1191 1259 iure
1232 1220 1363 1259 eidem
1397 1221 1528 1271 ipsum
1560 1220 1624 1259 ius
1657 1220 1962 1260 adiudicantes.

105 1287 305 1327 Dedimus
339 1289 470 1326 eciam
503 1288 660 1327 eisdem
694 1292 938 1338 potestatem
972 1292 1015 1327 ut
1047 1289 1180 1327 omnia
1214 1292 1255 1327 et
1288 1288 1458 1342 singula
1492 1299 1572 1339 que
1606 1289 1715 1328 inter
1748 1300 1824 1327 nos
1857 1292 1964 1328 tam-

104 1366 222 1407 quam
256 1355 399 1394 arbitri
439 1366 516 1395 seu
549 1356 789 1395 amicabiles
829 1357 1129 1406 compositores
1163 1356 1407 1396 ordinarent
1447 1367 1554 1407 pena
1595 1361 1770 1407 possent
1802 1357 1964 1396 uallare

103 1422 160 1462 ita
200 1426 243 1462 ut
274 1423 310 1462 si
350 1424 441 1474 quis
474 1427 657 1463 nostrum
698 1435 838 1463 eorum
871 1424 1083 1463 arbitrium
1124 1435 1201 1463 seu
1235 1424 1546 1463 ordinacionem
1587 1436 1670 1464 non
1713 1426 1964 1464 obseruaret

103 1491 222 1531 alteri
265 1493 373 1542 parti
407 1503 554 1542 penam
597 1493 861 1543 persolueret
900 1504 976 1543 per
1016 1504 1157 1533 eorum
1197 1493 1409 1532 arbitrium
1452 1493 1718 1533 declaratum.
1783 1494 1964 1544 Insuper

103 1560 360 1610 promisimus
404 1565 545 1599 nostro
586 1561 814 1600 iuramento
857 1561 1050 1613 quicquid
1085 1572 1161 1612 per
1202 1572 1277 1600 eos
1312 1560 1437 1601 suerit
1477 1563 1516 1600 in
1550 1563 1754 1612 premisso
1788 1562 1963 1615 negotio

105 1629 334 1668 ordinatum
368 1633 499 1668 ratum
525 1633 566 1668 et
591 1629 740 1668 firmum
775 1629 1024 1668 deberemus
1049 1629 1222 1669 habere.
1263 1630 1372 1669 Acta
1400 1634 1495 1669 sunt
1528 1634 1664 1669 autem
1692 1630 1771 1668 hec
1805 1641 1963 1681 appro-

103 1698 229 1737 bante
262 1697 423 1737 domino
450 1698 649 1736 Brunone
677 1697 969 1738 Olomuncensi
996 1699 1194 1749 episcopo
1229 1702 1428 1748 presente
1455 1699 1615 1737 domino
1648 1698 1715 1737 Al.
1753 1699 1966 1748 preposito

105 1766 413 1807 Olomuncensi.
437 1766 596 1805 domino
620 1767 679 1805 Io.
699 1767 903 1805 canonico
928 1766 1112 1805 eiusdem
1132 1767 1329 1806 ecclesie.
1355 1766 1514 1806 domino
1537 1767 1596 1805 Io.
1625 1767 1788 1805 notario
1816 1766 1965 1806 domini

103 1835 319 1886 Episcopi.
351 1835 556 1888 magistro
597 1835 655 1874 Io.
689 1835 848 1874 medico
891 1834 1048 1874 ordinis
1081 1835 1371 1874 cisterciensis
1411 1838 1452 1873 et
1485 1835 1578 1873 aliis
1618 1845 1737 1886 quam
1778 1834 1966 1885 pluribus

105 1903 172 1954 qui
208 1903 392 1953 presenti
426 1904 600 1957 nogotio
634 1902 850 1943 affuerunt.
898 1904 1022 1943 Anno
1056 1903 1203 1943 domini
1236 1904 1296 1943 M.
1331 1901 1420 1944 CC.
1455 1903 1638 1942 LXXV.
1672 1904 1863 1954 sequenti
1898 1903 1966 1943 die

104 1974 198 2022 post
229 1968 378 2010 festum
410 1971 557 2012 Sancti
590 1972 789 2011 Iohannis
823 1973 1026 2022 Baptiste.

414 2061 468 2092 Ex
492 2062 686 2103 originali
710 2063 740 2094 in
764 2062 900 2094 archivo
924 2063 1109 2093 monasterii
1134 2060 1453 2093 Oslowanensis
1477 2072 1548 2093 cum
1573 2061 1691 2102 sigillis
1715 2061 1850 2093 illaesis.

979 2208 1094 2251 CXI.

104 2302 324 2354 Nicotaus,
354 2304 622 2355 praepos-ilus
647 2304 950 2353 Kaunicensz's,
983 2305 1118 2355 sopita
1151 2305 1220 2344 lile
1252 2304 1361 2344 cedit
1389 2306 1644 2344 monasterio
1672 2304 1967 2345 Oslowanensi

105 2369 157 2409 de
176 2372 282 2423 ,βαι-6
311 2374 558 2423 patronatu-s·
582 2373 785 2412 ecclesiae
816 2374 859 2412 in
886 2372 1208 2412 '1'1·0skotowz·ce.
1257 2375 1329 2413 Dc.
1357 2374 1402 2413 in
1426 2375 1636 2426 Kaunice,
1662 2373 1730 2413 die
1760 2374 1805 2413 8.
1839 2374 1964 2424 Jalz'i,

959 2440 1111 2481 1275.

277 2497 336 2557 In
370 2518 531 2556 nomine
565 2517 711 2556 domini
735 2529 867 2557 amen.
916 2518 1006 2557 Nos
1032 2518 1261 2557 Nicholaus
1287 2520 1524 2570 prepositus
1557 2518 1610 2558 de
1636 2518 1796 2559 Cronia,
1828 2521 1963 2556 totus-

104 2594 184 2635 que
227 2582 473 2625 Conuentus
515 2586 700 2624 eiusdem
742 2587 927 2626 ecclesie
976 2587 1200 2627 Vniuersis
1244 2599 1423 2638 presens
1475 2589 1670 2638 scriptum
1711 2587 1963 2636 inspecturis

1643 2652 1754 2693 20³*t
