2138 2845
963 194 1063 235 251

89 338 239 378 domini
278 335 476 391 Cyrouis,
521 336 666 377 'Pazzo
707 333 811 376 filius
851 336 1001 376 domini
1044 336 1234 377 ussiiate
1274 337 1326 377 de
1366 337 1609 388 Lompnicz.
1652 337 1854 378 Matheus
1894 337 1947 378 de

88 407 379 460 Schyrnahor,
424 411 465 446 et
512 406 579 445 alii
628 417 746 457 quam
794 406 948 456 plures.
1010 406 1120 445 Acta
1167 410 1263 446 sunt
1307 406 1387 445 hec
1427 407 1598 445 Brunne
1640 419 1749 446 anno
1795 407 1945 447 domini

89 475 150 517 M.
183 474 272 517 CC.
306 475 511 515 LXXXI.
544 476 585 514 in
618 474 697 514 die.
731 474 914 514 Odalrici
948 472 1206 513 confessoris
1240 478 1282 514 et
1315 473 1532 526 pontilicis.

398 574 452 606 Ex
479 573 676 615 orIginali
706 583 777 605 cum
807 575 944 615 quatuor
974 581 1015 605 ex
1045 575 1118 605 octo
1142 573 1260 615 sigillis
1288 573 1520 615 superstitibus
1548 574 1580 604 in
1603 573 1738 604 archivo
1762 571 1946 615 ejusdem

504 626 700 656 monasterii.

889 738 1160 780 CLXXXV.

94 842 393 894 Theodericus,
419 843 641 895 episcopus
670 842 975 892 olomucensis,
999 842 1175 881 vasallis
1202 843 1292 881 suis
1312 841 1554 894 facultatem
1579 840 1787 881 vendenda·
1814 841 1947 896 feuda

461 911 661 950 concedit.
728 912 798 950 DI.
833 910 1055 960 olomuc-ii,
1089 910 1234 949 Idibus
1266 911 1389 961 dcclii,
1430 909 1583 950 1281.

234 1003 562 1075 Theodericus,
592 1021 657 1060 dei
684 1023 828 1075 gratia
855 1022 1079 1072 episcopus
1106 1020 1408 1060 olomucensis.
1452 1021 1676 1060 Vniuersis
1702 1024 1743 1061 et
1769 1022 1952 1076 singulis

94 1087 252 1130 Christi
272 1089 474 1144 fidelibus,
498 1091 548 1129 ad
569 1102 737 1143 quorum
764 1092 944 1129 notitiam
963 1094 1184 1141 presentes
1212 1090 1497 1143 peruenerint,
1517 1090 1691 1129 salutem
1715 1091 1755 1129 in
1776 1091 1950 1131 domino.

93 1158 280 1213 Dignum
321 1163 362 1198 et
402 1161 547 1198 iustum
587 1164 665 1213 est,
706 1164 747 1198 et
787 1162 1112 1198 consentaneum
1153 1159 1315 1212 rationi,
1355 1162 1412 1212 ut,
1446 1159 1638 1210 quotiens
1678 1169 1754 1209 per
1786 1171 1950 1199 suorum

94 1228 316 1279 petitiones
350 1226 537 1280 fidelium,
564 1239 644 1279 que
671 1232 806 1266 tamen
832 1227 884 1266 ab
913 1228 1107 1278 equitatis
1132 1228 1294 1266 tramite
1323 1239 1405 1266 non
1427 1226 1682 1280 discordent,
1707 1229 1949 1267 reuerentia

93 1296 317 1347 pastoralis
351 1297 587 1349 requiritur,
621 1296 683 1334 eis
716 1307 907 1334 annuens
940 1295 1094 1334 debeat
1127 1306 1203 1334 sue
1237 1295 1499 1334 liberalitatis
1533 1295 1712 1335 dextera
1744 1296 1950 1350 arridere,

93 1374 228 1415 eoque
268 1365 458 1417 maxime,
498 1375 577 1415 quo
617 1365 764 1403 merita
807 1363 1016 1415 postulant
1056 1374 1341 1414 personarum.
1405 1364 1491 1402 Per
1532 1374 1711 1414 presens
1751 1365 1950 1415 scriptum

92 1435 289 1472 constare
322 1432 506 1471 uolumus
542 1432 768 1485 vniuersis,
802 1431 908 1483 quod
944 1444 1019 1471 nos
1053 1432 1229 1471 dilectos
1263 1430 1408 1471 fideles
1441 1436 1623 1486 nostros,
1650 1433 1876 1472 vniuersos
1910 1438 1952 1473 et

93 1501 288 1554 singulos
322 1501 508 1540 homines
548 1505 590 1540 et
622 1501 854 1540 seruitores
895 1501 1078 1540 ecclesie
1112 1501 1415 1553 olomucensis,
1457 1505 1627 1552 propter
1660 1506 1785 1555 grata
1822 1502 1952 1541 obse-

94 1570 203 1622 quia,
237 1580 317 1620 que
358 1569 478 1608 iidem
512 1569 776 1609 olomucensi
816 1569 1000 1608 ecclesie
1035 1571 1247 1620 preteritis
1288 1570 1570 1608 exhibuerunt
1608 1571 1875 1622 temporibuS,
1911 1575 1952 1609 et

96 1637 300 1677 exhibere
345 1640 580 1689 promittunt
627 1636 803 1676 fideliter
850 1639 890 1676 in
938 1636 1126 1690 futurum,
1176 1638 1443 1688 petitionibus
1493 1639 1672 1688 ipsorum
1725 1639 1952 1692 benignius

94 1706 291 1760 inclinati,
331 1707 369 1745 in
413 1707 553 1759 bonis,
593 1718 619 1745 a
660 1706 969 1756 predecessore
1009 1711 1174 1759 nostro,
1215 1706 1377 1745 domino
1419 1708 1617 1746 Brunone
1659 1707 1869 1759 episcopo,
1911 1710 1953 1747 et

95 1775 274 1825 capitulo
308 1774 571 1815 olomucensi
601 1776 702 1826 ipsis
736 1778 776 1813 et
800 1774 1027 1813 heredibus
1061 1786 1201 1813 eorum
1228 1775 1395 1814 masculi
1429 1787 1560 1814 sexus
1593 1779 1744 1814 tantum
1777 1775 1954 1830 collatiS,

96 1844 322 1883 secundum
356 1845 420 1883 ius
461 1849 501 1883 et
535 1844 875 1883 consuetudinem
916 1844 1100 1882 ecclesie
1133 1843 1536 1897 Magdeburgensis
1577 1856 1653 1883 nos
1687 1844 1954 1895 promittimus

96 1915 139 1951 et
171 1912 357 1952 volumus
399 1924 672 1966 conseruare,
713 1913 775 1952 eis
808 1912 1094 1952 nichilominus
1137 1913 1425 1966 iniungentes,
1470 1916 1526 1965 vt,
1568 1913 1604 1950 si
1642 1913 1709 1963 qui
1751 1923 1806 1951 ex
1850 1912 1954 1962 ipsis

97 1978 329 2019 hominibus
362 1982 516 2020 nostris
542 1980 594 2019 ad
628 1984 781 2020 tantam
806 1982 1100 2019 necessitatem
1135 1980 1395 2033 deuenerint,
1421 1981 1528 2031 quod
1560 1981 1678 2019 nobis
1705 1985 1746 2020 et
1770 1981 1955 2020 ecclesie

98 2052 242 2087 nostre
275 2049 388 2087 iuxta
421 2049 713 2088 institutionem
748 2052 789 2088 et
816 2048 1156 2088 consuetudinem
1189 2049 1404 2100 hueusque
1432 2053 1640 2088 seruatam
1674 2050 1838 2088 seruire
1875 2049 1955 2088 ali-

99 2121 304 2167 quatenus
337 2128 419 2155 non
453 2117 658 2171 valerent,
692 2117 798 2169 quod
834 2119 897 2157 eis
930 2118 1135 2168 aliquibus
1169 2119 1376 2171 pei-sonis,
1410 2118 1535 2156 statui
1569 2130 1644 2156 suo
1678 2118 1955 2172 comparibus,

99 2183 210 2224 bone
242 2182 362 2237 same,
396 2185 514 2224 nobis
541 2187 655 2236 prius
688 2197 817 2236 super
840 2186 920 2224 hoc
954 2186 1196 2236 specialiter
1221 2187 1446 2239 requisitis,
1480 2185 1602 2225 feuda
1631 2187 1811 2236 ipsorum
1846 2197 1955 2226 ven-

101 2252 205 2292 dere
223 2253 360 2306 liceat,
387 2257 428 2292 et
451 2254 600 2293 talibus
622 2255 834 2307 precipue,
855 2255 920 2305 qui
947 2254 1066 2292 nobis
1089 2265 1139 2293 ea
1164 2255 1336 2293 seruitia
1363 2254 1415 2293 de
1445 2255 1544 2305 ipsis
1565 2254 1686 2293 bonis
1712 2255 1954 2308 exhibeant,

101 2332 182 2373 que
215 2322 250 2360 is
283 2321 489 2361 exhibere
514 2322 703 2375 deberet,
737 2323 804 2373 qui
838 2334 888 2362 ea
913 2322 1068 2375 vendit,
1102 2324 1137 2361 si
1164 2333 1216 2361 ea
1250 2324 1341 2362 sine
1365 2323 1615 2362 alienatione
1649 2324 1786 2375 aliqua
1814 2314 1955 2374 possi-

99 2389 242 2443 deret3
275 2390 538 2441 adiicientes,
569 2390 676 2441 quod
711 2391 751 2429 in
776 2391 961 2430 omnibus
989 2395 1029 2430 et
1053 2391 1248 2445 singulis,
1283 2402 1362 2443 que
1389 2393 1582 2442 superius
1608 2398 1703 2431 sunt
1731 2402 1954 2444 expressa,

100 2458 299 2510 predictis
340 2458 569 2497 hominibus
610 2463 650 2497 et
693 2459 968 2498 seruitoribus
1009 2461 1162 2498 nostris
1205 2472 1255 2499 ac
1298 2461 1481 2500 ecclesie
1522 2465 1666 2500 nostre
1710 2461 1858 2499 nullum
1901 2459 1954 2498 de

99 2538 207 2566 nouo
241 2539 390 2567 creare
424 2528 465 2566 in
498 2527 702 2579 aliquibus
736 2528 856 2566 bonis
890 2528 953 2566 ius
987 2528 1232 2567 intendimus
1273 2540 1348 2579 per
1380 2535 1619 2580 presentes,
1653 2529 1729 2568 sed
1763 2529 1878 2578 ipsos
1912 2528 1953 2566 in

100 2605 150 2635 eo
184 2596 288 2649 iure,
321 2596 429 2648 quod
462 2598 524 2635 eis
557 2597 809 2648 temporibus
843 2596 1018 2647 predicti
1052 2596 1198 2637 domini
1233 2598 1442 2637 Brunonis
1482 2596 1617 2638 felicis
1651 2595 1953 2635 recordationis

1635 2661 1746 2703 322ss
