2138 2845
1029 181 1123 222 101

143 326 186 362 et
217 323 335 362 ciues
368 322 539 362 aliarum
571 326 776 362 terrarum
809 322 971 362 duabus
1004 321 1245 362 ebdomadis
1278 321 1331 361 ad
1359 320 1520 372 plenum
1553 332 1642 360 cum
1675 321 1763 360 suis
1796 321 2005 361 mercibus

143 390 243 430 inibi
277 396 426 430 moram
460 391 630 431 trahere
663 395 898 444 teneantur,
940 390 1091 430 abinde
1125 390 1378 441 postmodum
1412 394 1454 429 et
1486 401 1568 428 non
1601 390 1714 440 prius
1748 389 1881 429 libere
1914 400 2006 430 cum

143 460 233 498 suis
280 459 488 498 mercibus
541 459 714 499 vlterius
762 459 1015 510 processuri.
1096 460 1142 498 In
1190 459 1309 497 cuius
1365 458 1427 497 rei
1483 458 1730 497 euidentiam
1788 457 2006 497 clariorem

142 537 321 579 presens
356 528 618 581 priuilegium
652 529 753 578 ipsis
786 527 876 566 dari
909 526 1210 580 mandauimus,
1251 526 1484 580 sigillorum
1518 530 1750 565 nostrorum
1783 526 2004 564 munimine

144 596 393 635 roboratum.
456 595 670 648 TestibuS,
711 596 777 646 qui
811 593 984 646 prefatis
1019 594 1306 648 interfuerunt,
1348 593 1521 634 inferius
1554 594 1776 647 annotatis,
1811 593 2009 632 videlicet

145 662 644 704 Chii-nino*Camerario.
708 663 1005 702 Nezamizlone
1053 664 1266 714 pincerna.
1329 664 1519 702 Besnata
1564 660 1755 713 dapifero
1795 661 2007 702 Morauie.

143 730 328 771 Smilone
362 732 414 770 de
447 732 654 770 Brumow.
688 731 834 770 Vlrico
869 731 920 770 de
946 731 1268 785 Durrenhoncz,
1302 730 1537 782 Capitaneo
1570 730 1808 783 Kal-inthie,
1841 733 1883 769 et
1915 729 2008 769 aliis

145 810 262 850 quam
304 799 489 850 pluribus
531 799 693 838 dilectis
734 800 888 838 nostris
929 798 1117 838 fidelibus
1158 798 1236 839 fide
1277 801 1433 853 dignis.
1504 800 1613 839 Acta
1654 802 1749 838 sunt
1788 799 1868 837 hec
1909 801 2009 849 aput

144 868 352 907 Brunnam
396 869 472 907 sub
514 879 622 906 anno
657 867 859 907 dominice
893 869 1191 907 incarnationis
1225 868 1285 907 M.
1320 866 1408 908 CC.
1440 867 1626 907 LXXII.
1667 867 1761 906 1111.
1788 866 2008 905 Kalendas

142 935 406 975 Nouembris.
459 934 754 976 Coronationis
788 940 931 975 nostre
965 937 1104 975 diuina
1136 934 1305 976 fauente
1338 936 1554 976 clementia
1586 947 1695 975 anno
1728 935 1804 974 XI.
1853 933 2007 973 Datum

145 1004 295 1043 ibidem
339 1014 414 1054 per
456 1016 613 1042 manum
654 1005 844 1057 magistri
885 1004 1015 1057 Petri,
1062 1004 1319 1043 venerabilis
1361 1005 1562 1055 prepositi
1601 1002 2008 1057 ivissegradensis,

147 1072 391 1112 cancellarii
425 1072 571 1127 Regni
603 1073 747 1112 nostri.
780 1084 888 1112 anno
922 1076 964 1111 et
995 1072 1062 1111 die
1094 1072 1306 1123 predIctis.

457 1170 512 1203 Ex
535 1170 729 1212 originali
754 1168 936 1210 ejusdem
960 1169 1114 1202 civitatis.

996 1335 1160 1377 LXIX.

147 1437 343 1480 Alberlus
392 1437 444 1478 de
487 1438 632 1478 began
678 1438 822 1478 villam
873 1437 1027 1478 Towe'f·
1073 1451 1099 1478 a
1150 1450 1197 1478 se
1237 1440 1484 1490 occupatam
1520 1438 1700 1477 restituit
1742 1437 2010 1476 monasterie}

213 1506 471 1548 Gradicensz·
503 1510 541 1546 et
578 1508 713 1546 sancti
751 1506 906 1547 Jacobz·
946 1507 1168 1547 olomuc-ii.
1234 1508 1392 1546 Datum
1431 1509 1470 1546 et
1505 1509 1643 1546 actum
1681 1507 1726 1545 in
1764 1506 1949 1556 Limia,

667 1575 791 1615 XIV.
824 1575 1048 1615 Kalendas
1081 1575 1300 1626 «Ianuarii,
1341 1574 1492 1616 1272.

319 1667 379 1728 In
419 1687 581 1726 nomine
623 1685 689 1726 dei
730 1686 865 1725 eterni
906 1696 1039 1724 amen.
1110 1685 1201 1725 Nos
1240 1685 1444 1725 Albertus
1492 1685 1544 1725 de
1584 1685 1755 1725 Lessan
1798 1683 2010 1722 vniuersis

149 1752 308 1795 Christi
352 1753 541 1794 fidelibus
588 1758 669 1794 tam
718 1755 985 1805 presentibus
1028 1765 1147 1804 quam
1195 1752 1360 1808 suturis,
1408 1754 1556 1805 quibus
1604 1753 1783 1804 patuerit
1831 1762 2010 1803 presens

147 1823 358 1876 scriptum,
391 1823 566 1862 salutem
598 1823 641 1861 in
673 1822 833 1861 domino
866 1823 1170 1873 sempiternam.
1213 1822 1384 1862 Tenore
1418 1822 1669 1873 presentium
1702 1819 1879 1860 fideliter
1909 1831 2010 1870 pro-

149 1894 361 1943 testamur,
401 1890 506 1942 quod
551 1903 628 1930 nos
667 1891 802 1930 uillam
846 1891 1014 1930 Towirz
1056 1890 1219 1944 dictam,
1260 1891 1300 1930 in
1343 1890 1533 1930 districtu
1573 1889 1836 1930 olomucensi
1876 1889 2010 1941 sitam,

150 1969 269 2009 quam
302 1970 672 2012 occupaueramus,
706 1959 758 1998 de
790 1962 934 1998 nostra
968 1959 1076 1998 bona
1104 1959 1314 1998 uoluntate
1348 1958 1537 1998 cedendo
1571 1958 1781 2012 ecclesiis,
1814 1956 2011 1996 uidelicet

150 2025 262 2066 beati
301 2026 506 2077 Stephani
547 2028 586 2066 in
630 2026 847 2067 Gradisch.
888 2027 1046 2066 ordinis
1085 2027 1505 2080 Premonstratensis,
1547 2029 1590 2066 et
1631 2025 1738 2065 beata·
1776 2024 1922 2064 Iacobi
1967 2026 2010 2064 in

150 2094 317 2133 ciuitate
350 2094 633 2145 olomucensi,
666 2107 755 2134 cum
789 2096 976 2135 omnibus
1009 2095 1270 2146 pertinentiis
1304 2098 1345 2134 et
1378 2095 1548 2148 iuribus,
1581 2093 1635 2133 ad
1668 2094 1841 2133 eandem
1874 2093 2010 2132 uillam

151 2163 452 2216 spectantibus,
496 2163 788 2213 possidendam
828 2164 918 2202 iure
951 2163 1206 2203 hereditario
1249 2166 1450 2214 perpetuo
1484 2164 1769 2217 assignamus,
1810 2162 1900 2213 pari
1932 2172 2011 2201 seu

151 2230 289 2282 equali
323 2230 609 2270 nichilominus
642 2236 684 2270 et
716 2232 824 2270 iusta
858 2232 1046 2282 portione
1078 2233 1188 2271 inter
1220 2233 1323 2272 duas
1357 2231 1566 2271 ecclesias
1598 2230 1871 2284 diuidendam,
1903 2230 2012 2270 sicut

152 2298 313 2337 domina
346 2298 520 2352 Sabina,
554 2299 699 2339 relicta
733 2299 880 2338 domini
906 2299 1117 2338 Nezamisl
1148 2298 1283 2339 felicis
1316 2299 1637 2354 reminiscentie,
1671 2298 1875 2351 quondam
1899 2298 2010 2337 Pur-

153 2366 296 2421 grauii
340 2367 379 2405 in
419 2366 601 2419 Olmucz,
650 2367 880 2417 prenotatis
921 2368 1115 2407 ecclesiis
1157 2367 1210 2407 de
1251 2380 1328 2407 suo
1368 2368 1611 2419 patrimonio
1651 2368 1741 2407 olim
1783 2366 2012 2421 legauerat

151 2435 262 2474 iuste
302 2438 344 2474 et
383 2435 698 2488 rationabiliter,
745 2436 853 2475 sicut
900 2436 939 2474 in
987 2437 1116 2486 ipsius
1158 2436 1319 2476 domine
1360 2439 1608 2477 testamento
1657 2441 1699 2476 et
1741 2436 2011 2475 instrumento

152 2503 315 2554 plenius
348 2504 594 2543 continetur.
659 2504 712 2543 Et
754 2514 806 2543 ne
844 2514 973 2555 super
1004 2503 1068 2542 his
1101 2504 1224 2544 alicui
1256 2505 1512 2560 ambiguitas
1545 2506 1807 2556 imposterum
1840 2503 2010 2554 oriatur,

154 2575 376 2622 presentes
417 2569 504 2611 fieri
544 2570 729 2625 fecimus,
769 2572 898 2627 sigilli
941 2573 1071 2612 nostri
1114 2573 1329 2613 munimine
1368 2573 1631 2614 roborantes.
1694 2572 1850 2612 'restes
1889 2570 2011 2610 huius
