2138 2845
928 186 1033 228 389

51 327 110 369 Et
140 327 427 368 nichilominus
459 330 501 368 in
532 328 654 369 huius
687 328 937 383 donationis,
980 330 1292 381 protestationis
1332 334 1374 370 et
1417 335 1561 371 nostre
1593 331 1916 375 confirmationis

51 397 326 437 testimonium
368 401 595 449 presentes
642 398 786 452 sigillo
835 402 978 437 nostro
1028 396 1202 437 tacimus
1245 398 1449 439 roborari.
1514 400 1664 440 Datum
1705 402 1915 458 Modricz7

51 476 162 506 anno
196 466 344 506 domini
375 466 437 507 M.
471 463 690 507 CCXCII.
722 467 868 506 Nonas
900 466 1018 506 Iunii.

360 564 391 597 E
415 564 632 597 Lefubure
655 565 854 597 Moravia
876 566 1115 597 monastica
1137 565 1176 597 Τ.
1196 565 1221 597 1.
1234 564 1313 598 MS.
1327 567 1359 598 in
1382 566 1518 598 archivo
1544 565 1690 608 ejusdem
1715 571 1913 602 monasterii.

886 730 1083 773 CCCVI.

77 833 306 873 Distinctio
336 834 540 873 metarum
571 834 678 873 inter
709 834 855 873 villam
887 834 1086 887 Pr'jllulsy
1118 834 1362 887 (Pritlctclz)
1396 839 1435 876 el
1464 840 1647 877 castrum
1679 838 1878 878 Neideclt.

674 902 825 942 Actum
859 903 936 942 15.
969 903 1094 954 Jalii,
1134 903 1285 943 1292.

192 992 442 1054 Vniuersis
487 1012 635 1053 christi
675 1011 867 1054 fidelibus
916 1017 1139 1066 presentes
1186 1015 1349 1056 litteras
1397 1017 1662 1068 inspecturis.
1726 1017 1908 1060 Sisridus

45 1079 273 1132 orphanus
315 1080 368 1121 de
414 1080 638 1121 Neidekke
683 1093 774 1122 cum
815 1083 950 1123 salute
997 1083 1039 1122 in
1086 1082 1247 1124 domino
1290 1089 1531 1136 perpetuam
1572 1087 1764 1125 noticiam
1803 1088 1907 1127 sub-

44 1150 306 1200 scriptorum.
361 1148 560 1198 Quamuis
592 1149 704 1191 dicat
737 1152 969 1203 scriptura:
1001 1152 1069 1192 Ne
1101 1153 1436 1207 transgrediaris
1468 1155 1665 1194 terminos
1698 1156 1906 1211 antiquos7

44 1229 151 1270 quos
195 1222 425 1270 posueruut
463 1222 607 1270 patres
649 1220 726 1273 tui3
765 1220 808 1259 in
848 1220 1005 1271 prediis
1043 1224 1179 1260 tamen
1220 1223 1513 1262 commetaneis
1553 1221 1797 1276 frequenter
1837 1226 1906 1265 uel

42 1296 191 1326 errore
223 1287 292 1327 uel
322 1287 606 1342 negligencia
638 1285 727 1328 fieri
759 1289 869 1328 solet
900 1288 1130 1329 huiusmodi
1163 1292 1457 1345 transgressio
1490 1293 1767 1333 terminorum.
1801 1291 1905 1334 Cum

40 1356 175 1410 igitur
206 1359 321 1396 terra
353 1357 638 1407 possessionis
670 1356 922 1396 Monasterii
964 1361 1111 1397 sancte
1143 1358 1283 1398 Marie
1317 1358 1369 1399 de
1410 1360 1648 1412 uelem-ad,
1683 1373 1764 1413 que
1796 1363 1906 1402 inter

42 1424 181 1463 villam
204 1423 432 1464 Pritlucclc
464 1427 507 1464 et
537 1428 721 1465 castrum
754 1428 937 1464 nostrum
959 1425 1174 1466 Neidelfke
1204 1427 1245 1466 in
1278 1427 1450 1481 longum
1483 1429 1755 1484 protenditur7
1788 1434 1904 1471 terre

39 1492 326 1545 possessionis
357 1495 504 1533 nostre
535 1493 591 1533 sit
621 1493 898 1547 colimitanea‚
931 1504 988 1532 ex
1020 1493 1100 1533 hoc
1130 1495 1295 1550 accidit,
1328 1500 1372 1536 ut
1403 1495 1635 1537 officialium
1668 1501 1902 1539 nostrorum

39 1561 323 1615 negligencia
350 1561 419 1600 uel
442 1571 590 1600 errore
624 1561 799 1612 quedam
825 1563 969 1612 porcio
1004 1564 1184 1602 nemoris
1218 1567 1260 1603 et
1287 1567 1494 1615 pratorum
1529 1565 1625 1605 dicti
1658 1568 1900 1607 monasterii

38 1629 251 1681 aliquanto
283 1634 469 1680 tempore
502 1630 659 1670 nostris
684 1627 808 1669 suerit
840 1630 986 1669 vsibus
1013 1631 1234 1681 applicata.
1276 1630 1395 1680 Quod
1420 1632 1680 1684 dispendium
1713 1636 1899 1676 ecclesie

38 1708 116 1738 sue
141 1697 328 1737 dominus
361 1697 551 1748 Lupinus
577 1698 835 1737 venerabilis
868 1698 1002 1738 abbas
1029 1710 1118 1738 cum
1153 1700 1206 1739 ad
1232 1703 1414 1740 nostram
1449 1703 1674 1752 querelose
1707 1705 1899 1744 noticiam

37 1765 271 1819 detulisset,
312 1777 389 1804 nos
428 1765 481 1804 ad
524 1766 721 1806 honorem
763 1767 956 1820 gloriose
1004 1768 1189 1822 virginis
1239 1768 1381 1808 Marie
1429 1771 1622 1810 continuo
1669 1771 1896 1826 legitimum

36 1835 273 1875 curauimus
305 1833 529 1873 remedium
563 1833 766 1875 adhibere
799 1836 876 1875 sub
903 1834 1032 1875 forma
1066 1840 1206 1876 notata
1232 1835 1404 1877 inferius
1439 1842 1480 1878 et
1513 1850 1738 1890 expressa.
1771 1843 1896 1882 Anno

36 1903 186 1943 domini
219 1902 430 1942 millesimo
459 1902 744 1942 ducentesimo
779 1905 1055 1958 nonagesimo
1079 1905 1282 1959 secundo,
1315 1906 1392 1945 sub
1427 1907 1493 1946 die
1526 1908 1668 1947 Iduum
1700 1909 1896 1949 Iuliarum

34 1970 223 2011 dominus
255 1970 446 2022 Lupinus
480 1971 739 2011 venerabilis
772 1972 906 2011 abbas
949 1973 1001 2011 de
1034 1973 1286 2027 XVelegrad
1326 1978 1368 2014 et
1396 1975 1534 2027 frater
1573 1975 1713 2026 Eleko,
1746 1976 1895 2018 domus

33 2040 350 2092 templariorum
382 2039 434 2078 de
457 2038 674 2081 Schacvsz
706 2040 988 2091 comendacor,
1021 2052 1110 2080 cum
1133 2042 1235 2094 suis,
1269 2046 1311 2082 et
1343 2055 1421 2083 nos
1446 2055 1535 2083 cum
1569 2045 1724 2084 nostris
1757 2047 1894 2086 vtrin-

33 2118 115 2160 que
149 2108 426 2159 personaliter
465 2109 506 2147 in
546 2120 668 2147 vnum
708 2110 1010 2149 conuenientes
1050 2110 1166 2150 viros
1207 2109 1285 2150 fide
1327 2111 1483 2165 dignos
1516 2116 1559 2152 ct
1590 2113 1802 2168 longeuos
1835 2116 1888 2156 de

33 2176 188 2216 vicinia
220 2176 490 2216 euocauimus
523 2175 576 2215 ad
610 2177 826 2228 Vtriusque
859 2179 1145 2228 possessionis
1179 2183 1320 2219 certos
1353 2181 1500 2220 limites
1534 2179 1710 2222 fideliter
1742 2183 1893 2223 distin-

32 2243 246 2298 guendos.
286 2244 436 2295 Itaque
469 2243 655 2283 dominus
688 2245 822 2284 abbas
848 2257 922 2296 pro
956 2259 1032 2286 sua
1058 2251 1176 2297 parte
1197 2250 1248 2288 ad
1283 2248 1362 2288 hoc
1390 2261 1493 2301 opus
1523 2251 1636 2290 viros
1662 2254 1888 2304 assumpsit

31 2311 222 2364 idoneos⁷
255 2311 455 2351 videlicet
486 2313 703 2352 Albertum
736 2313 926 2367 iudicem,
960 2315 1182 2354 Dietlinum
1208 2327 1365 2371 senem,
1399 2317 1639 2360 Cvnradum
1673 2320 1886 2376 Sweuum,

30 2379 286 2433 Ekhardum‚
325 2381 521 2434 singulos
560 2381 613 2420 de
652 2383 879 2436 Pritlucch7
924 2384 1203 2424 Lienhardum
1244 2386 1415 2426 iudicem
1456 2392 1497 2427 et
1537 2387 1732 2429 sifridum
1767 2388 1885 2429 filium

29 2448 121 2488 eius
155 2452 197 2488 et
229 2449 485 2503 Heinricum⁷
520 2450 668 2490 dictum
702 2451 1001 2506 Radenwicer7
1035 2454 1230 2507 singulos
1263 2454 1315 2493 de
1348 2456 1605 2509 Potowariz,
1640 2461 1680 2496 et
1715 2457 1883 2496 Bertol-

29 2516 136 2571 dum,
163 2517 336 2557 iudicem
363 2518 414 2558 de
436 2519 644 2559 Rakuuiz.
685 2519 776 2559 Nos
802 2531 904 2560 vcro
927 2522 966 2559 in
989 2520 1027 2560 id
1057 2533 1159 2572 opus
1186 2534 1259 2573 pro
1288 2529 1406 2574 parte
1431 2530 1574 2564 nostra
1599 2526 1883 2575 deputauimus

28 2583 367 2642 Cholomannum,
384 2586 812 2642 Cu11radum,1‘et1·um
831 2589 1036 2644 Vngaros
1049 2591 1101 2631 de
1113 2591 1313 2632 'Phenica
1327 2593 1609 2647 l'ertigcrum7
1620 2594 1883 2647 Sunnarium,
