2138 2845
1019 173 1124 213 262

145 321 252 361 Acta
277 322 375 358 sunt
402 318 478 358 hec
501 329 612 358 anno
634 317 793 357 domini
811 315 1156 357 MCCLXXXI.
1186 314 1388 368 promima
1417 314 1532 367 feria
1554 316 1694 366 quinta
1725 319 1819 356 ante
1847 317 2002 370 festum

146 388 252 428 beati
284 389 478 428 ,naue-itii
520 390 558 427 et
587 388 798 426 sociorum
838 387 928 425 eius
960 386 1004 424 in
1036 384 1214 423 ecclesia
1250 383 1435 436 fratrum
1467 383 1675 422 minorum
1712 386 1756 423 in
1790 387 2001 437 Znoyma.

144 456 280 507 (ts‘ide
317 456 634 509 praecedentem
674 457 930 504 numerum.)
993 454 1083 492 Nos
1125 454 1268 506 igitur,
1309 452 1377 503 qui
1416 463 1471 491 ex
1513 452 1683 491 iniuncti
1723 451 1842 492 officii
1883 455 2003 494 nobis

145 527 284 566 debito
319 528 438 565 iustis
471 530 513 565 et
545 525 733 565 honestis
768 523 965 575 precibus
998 521 1203 561 adhibere
1243 520 1442 560 debemus
1475 531 1693 560 assensum
1733 519 2003 563 fauorabilem

145 599 186 635 et
220 595 461 649 benignum,
487 592 648 645 prefate
673 593 834 632 domine
859 590 1077 631 Elisabeth
1103 589 1427 630 commendatam
1454 589 1663 629 habentes
1691 589 2004 647 prouidentiam,

145 664 236 703 eius
269 663 447 715 deuotis7
489 662 746 712 maximeque
779 660 978 699 honorem
1017 659 1085 698 dei
1124 662 1167 699 et
1206 657 1431 710 profectum
1472 658 1657 698 ecclesie
1697 659 2004 701 continentibus

143 731 341 783 precibus
388 731 572 769 inclinati
614 729 928 769 translationem
978 728 1078 767 iuris
1126 730 1372 778 patronatus
1420 727 1604 766 ecclesie
1643 728 1684 766 in
1729 727 1915 768 Hednitz
1961 729 2004 769 in

142 799 295 840 fratres
329 798 555 839 stelliferos
589 798 870 851 supradictos7
897 797 1332 851 resignationemque7
1365 797 1598 835 cessionem
1631 807 1708 836 seu
1741 797 2004 838 donationem

142 870 273 920 ipsam
307 868 560 908 authoritate
594 867 806 907 ordinaria
840 865 1141 919 confirmamus7
1176 866 1230 904 ita
1271 868 1313 904 ut
1346 864 1466 904 iidem
1499 863 1654 904 fratres
1687 865 1738 904 ad
1774 865 2003 916 predictam

142 938 367 978 ecclesiam
386 938 631 990 religiosam
661 947 880 987 personam
908 936 1000 974 sine
1021 934 1284 974 diminutione
1310 937 1579 984 prouentuum
1605 934 1791 973 eiusdem
1817 934 2003 974 ecclesie

140 1007 324 1046 debeant
356 1012 620 1057 presentare.
678 1006 726 1045 In
760 1006 878 1044 cuius
912 1004 1144 1044 memoriam
1177 1003 1254 1043 sub
1288 1003 1430 1057 sigillo
1464 1007 1606 1042 nostro
1639 1006 1864 1053 presentes
1896 1014 2004 1042 con-

141 1076 270 1115 scribi
295 1074 467 1115 fecimus
494 1076 800 1126 sempiternam.
833 1074 984 1113 Datum
1012 1071 1119 1123 apud
1140 1070 1343 1123 Cremsyr
1365 1083 1473 1111 anno
1497 1071 1645 1110 domini
1662 1069 2002 1112 MCCLXXXI,

141 1149 290 1184 octauo
323 1144 541 1183 Kalendas
575 1143 783 1183 Octobris.
847 1140 1119 1182 Pontificatus
1153 1142 1282 1180 nostri
1317 1152 1427 1181 anno
1460 1141 1602 1192 primo.

451 1243 481 1276 E
505 1244 624 1285 copia
646 1242 845 1275 vidimata
869 1243 899 1274 in
923 1240 1061 1274 eodem
1085 1241 1235 1274 archivo.

963 1410 1186 1454 CXCVII.

138 1514 258 1554 Idem
291 1515 450 1554 civibus
474 1517 518 1554 in
544 1515 735 1556 Cremsir
767 1516 917 1554 sih-am
942 1515 1152 1567 quandam
1173 1515 1307 1566 juxta
1335 1525 1480 1552 eorum
1511 1513 1656 1552 vineas
1679 1511 2001 1564 ernstii-pandam

139 1586 178 1623 el
207 1585 251 1623 z'n
284 1596 413 1635 (ιφ-08
447 1584 767 1624 convertendam
801 1585 966 1636 confert
1003 1582 1295 1622 haereditarie.
1360 1583 1516 1621 Datum
1556 1579 1672 1633 apud
1702 1581 1993 1631 Cremsirittm,

696 1653 767 1693 ΓΙ.
800 1653 1025 1693 Kalendas
1061 1651 1267 1702 Octobris,
1308 1650 1461 1691 1281.

285 1746 600 1806 Theodericus
634 1764 700 1803 dei
734 1765 888 1818 gracia
928 1765 1153 1815 episcopus
1187 1762 1476 1802 Olomucensis
1515 1761 1678 1801 dilectis
1710 1761 1873 1800 ciuibus
1905 1760 1995 1799 suis

137 1834 178 1873 in
221 1832 411 1874 Oremstr
452 1833 753 1883 inperpetuum.
818 1833 1004 1886 Dignum
1052 1836 1093 1871 et
1133 1832 1279 1870 iustum
1327 1835 1392 1870 est
1438 1834 1480 1869 et
1520 1842 1546 1869 a
1585 1830 1766 1869 racionis
1806 1829 2001 1867 examine

137 1914 220 1941 non
253 1902 415 1941 recedit
448 1905 492 1940 vt
524 1912 600 1940 eos
634 1902 702 1953 qui
735 1912 813 1941 sue
846 1900 1052 1940 fidelitatis
1085 1901 1228 1938 merita
1263 1909 1506 1951 propagare
1538 1910 1621 1937 non
1653 1897 1849 1936 desinunt
1880 1897 1996 1935 circa

137 1971 379 2010 dominicam
422 1971 710 2010 reuerenciam
750 1971 842 2010 eius
890 1970 1135 2023 benignitas
1186 1972 1467 2019 presequatur
1517 1967 1793 2019 prerogatiua
1841 1965 1996 2018 gracie

136 2041 349 2090 specialis.
416 2040 524 2078 Hinc
559 2043 625 2079 est
658 2039 766 2090 quod
800 2050 877 2078 nos
912 2043 1057 2078 vestre
1092 2035 1297 2075 fidelitatis
1331 2039 1560 2086 pensantes
1593 2034 1728 2074 studia
1761 2035 1995 2072 meritorum

137 2107 258 2146 vobis
302 2109 340 2146 in
374 2108 568 2147 auxilium
612 2108 758 2147 siluam
792 2111 973 2147 nostram
1014 2106 1285 2159 continguam
1327 2105 1464 2143 vineis
1503 2104 1661 2143 ciuitati
1703 2100 2000 2143 Cremsiriensi

136 2176 426 2215 adiacentibus
467 2182 509 2215 et
549 2177 853 2227 pertinentibus
896 2176 949 2215 ad
991 2175 1165 2215 eandem
1199 2173 1251 2212 ad
1285 2172 1598 2224 exstirpandum
1639 2175 1682 2212 et
1722 2173 1763 2211 in
1796 2182 1998 2225 agrorum

140 2257 241 2284 vsus
291 2245 576 2284 immutandum
628 2245 1006 2296 possidendumque
1047 2247 1249 2295 perpetuo
1295 2253 1409 2282 mere
1448 2241 1713 2281 liberalitatis
1753 2240 1806 2279 de
1846 2239 2000 2294 gracia

137 2313 327 2352 duximus
361 2310 657 2353 conserendam
684 2315 877 2366 quatinus
911 2314 966 2352 illi
994 2314 1059 2365 qui
1095 2313 1263 2352 eosdem
1289 2323 1424 2366 agros
1458 2311 1498 2350 in
1527 2310 1715 2362 predicte
1740 2309 1846 2349 silue
1871 2306 1996 2347 fundo

137 2382 329 2422 excultos
369 2381 641 2431 possidebunt
683 2387 850 2422 steuras
890 2394 967 2422 seu
1008 2383 1214 2421 iuuamina
1255 2392 1335 2433 que
1377 2380 1566 2431 predicte
1608 2378 1762 2418 ciuitati
1803 2388 1878 2429 per
1921 2386 1998 2414 nos

136 2462 212 2490 seu
247 2461 528 2489 successores
557 2455 721 2488 nostros
749 2452 936 2501 imposite
971 2450 1124 2490 suerint
1150 2461 1200 2490 eo
1232 2450 1375 2489 melius
1402 2449 1521 2488 nobis
1548 2448 1727 2487 reddere
1753 2446 1834 2484 sint
1860 2445 1994 2495 parati

137 2519 188 2559 de
239 2519 437 2569 predictis
485 2519 607 2571 agris
657 2519 776 2557 nobis
824 2524 865 2559 et
907 2521 1061 2558 nostris
1109 2518 1434 2558 successoribus
1483 2516 1771 2556 nichilominus
1817 2512 1996 2551 maiores

137 2589 320 2627 decimas
365 2591 566 2638 perpetuo
607 2587 778 2626 soluturi
821 2587 966 2626 siluam
1008 2591 1129 2627 totam
1178 2589 1216 2626 in
1259 2616 1269 2626 .
1309 2617 1319 2627 .
1359 2616 1370 2625 .
1410 2587 1591 2640 ligamus
1632 2581 1806 2623 eandem
1850 2587 1992 2631 preter
