2138 2845
1108 156 1211 196 360

1001 295 1329 340 CCLxxxul.

239 391 531 441 Irene-eslans,
572 403 656 430 res·
695 391 897 431 Boemiae
935 395 974 431 et
1009 391 1201 431 nutrclzio
1238 392 1483 443 ,um-aviae,
1522 390 1689 432 libertat
1721 396 2012 445 possessiones
2051 397 2090 435 el

230 459 419 499 homines
458 461 652 511 magistri
683 460 928 499 scholarum
967 462 1006 499 el
1034 461 1292 500 vicariorum
1333 461 1537 500 ecclesiae
1570 460 1876 503 olomucensis.
1940 465 2012 504 Dt.
2043 465 2089 504 in

714 528 955 579 Ilblehrad,
988 528 1136 568 Idibus
1167 528 1440 581 Septembris,
1481 529 1632 571 1289.

332 619 704 692 VVenczesiaus,
738 638 805 678 dei
838 639 991 693 gracia
1033 650 1113 678 rex
1146 640 1317 680 Boemie
1357 644 1398 681 et
1430 640 1616 681 marchio
1651 641 1859 695 Morauie⁷
1901 641 2090 682 omnibus

229 709 411 749 notitiam
459 707 801 758 subscriptorum.
864 708 973 747 Dum
1020 709 1161 749 natiue
1208 710 1391 764 originis
1437 713 1480 750 et
1518 710 1635 750 clare
1676 711 1928 765 propaginis
1976 710 2089 752 beati

228 776 484 818 XVenceslai
518 776 727 830 martyris7
769 787 873 828 quas
905 788 984 816 nos
1023 788 1100 828 per
1132 777 1346 829 quemdam
1386 779 1578 833 regalem
1617 777 1824 820 defluxum
1855 782 2089 820 nostrorum

228 846 544 900 progenitorum
597 845 955 896 participationem
1003 846 1227 900 sanguinis
1274 847 1471 898 primitias
1518 848 1735 902 intuemur,
1777 848 1870 889 dum
1916 851 2089 900 propter

229 916 422 967 preciosa
457 915 548 954 eius
580 915 726 954 merita
750 926 774 954 a
802 925 954 954 summo
989 925 1100 968 rege
1127 914 1393 954 beatitudinis
1425 927 1596 956 munera
1629 920 1672 957 et
1697 920 1845 957 eterne
1876 915 2089 957 felicitatis

229 983 387 1039 gaudia
421 983 709 1037 prestolamur,
743 995 825 1023 non
858 987 1012 1023 tantum
1052 983 1104 1022 ad
1138 995 1215 1023 sue
1248 984 1443 1024 decorem
1483 985 1668 1025 ecclesie
1700 985 1864 1026 ardenti
1895 986 1990 1025 zelo
2021 985 2090 1026 in-

226 1053 458 1106 tendamus,
499 1051 576 1091 sed
618 1053 740 1092 etiam
781 1064 947 1092 suorum
987 1053 1238 1093 seruitorum
1278 1054 1320 1093 in
1359 1065 1436 1093 sua
1479 1053 1665 1093 ecclesia
1705 1053 1856 1094 diuinis
1894 1053 2088 1094 laudibus

226 1121 504 1161 insudantium
536 1121 825 1160 immunitatem
866 1126 908 1161 et
939 1121 1173 1162 libertatem
1213 1121 1265 1162 de
1306 1126 1450 1163 nostra
1490 1123 1632 1178 regali
1670 1122 1854 1174 potentia
1892 1122 2089 1163 libentius

225 1201 509 1242 procuramus.
575 1188 843 1240 Quapropter
883 1191 1119 1230 interuentu
1159 1191 1272 1230 beati
1313 1191 1570 1231 XVenceslai
1613 1192 1809 1242 martyris
1841 1202 1917 1243 pro
1948 1191 2088 1232 uotiuo

226 1259 398 1298 celestis
431 1257 593 1297 brachii
627 1259 860 1298 auxiliante
893 1258 1122 1298 subsidium
1144 1259 1336 1299 obtinere
1368 1264 1608 1314 sperantes,
1640 1261 1676 1300 si
1703 1261 1743 1300 in
1777 1261 1869 1300 eius
1901 1260 2087 1300 ecclesia

227 1328 268 1366 in
302 1327 438 1366 diuino
470 1326 758 1366 laborantibus
791 1325 925 1366 officio
959 1327 1218 1366 immunitatis
1260 1340 1406 1368 munus
1439 1328 1668 1382 benignius
1701 1329 1945 1382 elargimur,
1980 1327 2087 1369 olo-

225 1396 414 1434 mucensi
453 1394 637 1434 ecclesie
678 1395 717 1434 in
761 1394 959 1435 honorem
1005 1396 1137 1446 ipsius
1181 1396 1294 1436 beati
1333 1396 1590 1436 XVenceslai
1631 1395 1801 1436 fundate
1842 1397 2088 1451 magistrum

225 1463 432 1502 scolarum
466 1466 508 1502 et
540 1462 762 1502 uniuersos
795 1464 995 1517 vicarios⁷
1036 1465 1103 1515 qui
1137 1476 1246 1504 nunc
1286 1468 1382 1504 sunt
1420 1466 1488 1505 vel
1530 1466 1568 1504 in
1604 1468 1814 1515 posterum
1846 1476 1953 1517 quos
1986 1475 2087 1505 esse

225 1531 460 1584 continget,
494 1532 792 1581 possessiones
825 1533 1005 1584 ipsorum
1040 1536 1082 1572 et
1115 1544 1325 1584 pauperes
1358 1535 1399 1573 in
1433 1533 1590 1574 eisdem
1623 1532 1861 1573 residentes
1893 1533 1947 1572 ab
1979 1533 2087 1573 omni

224 1600 415 1653 collecta,
448 1604 593 1639 steura
633 1603 675 1639 et
708 1602 932 1640 exactione
966 1602 1163 1654 generali
1203 1605 1245 1641 et
1277 1601 1453 1653 speciali
1494 1611 1571 1640 seu
1611 1600 1900 1653 qualicumque
1930 1605 2012 1641 tam
2045 1602 2087 1642 in

225 1668 406 1720 ciuitate,
440 1678 560 1719 quam
600 1668 640 1707 in
680 1669 791 1709 villis
831 1670 1099 1724 absoluimuS,
1142 1674 1184 1710 et
1216 1671 1413 1711 immunes
1453 1681 1553 1710 esse
1586 1669 1774 1709 volumus
1807 1673 2011 1722 perpetuo
2043 1672 2087 1711 et

224 1739 425 1775 exemtos.
465 1736 724 1776 Mandantes
756 1738 966 1778 uniuersis
995 1738 1146 1778 dicioni
1172 1743 1315 1779 nostre
1347 1739 1565 1792 subiectis,
1597 1741 1639 1778 ut
1665 1736 1852 1789 prefatus
1879 1739 2088 1792 magister

224 1805 431 1845 scolarum
481 1809 523 1844 et
564 1806 711 1845 vicarii
760 1807 1102 1858 possessionibus
1151 1808 1404 1860 quibuslibet
1451 1811 1531 1847 tam
1569 1806 1610 1845 in
1651 1807 1836 1860 ciuitate⁷
1883 1817 2004 1857 quam
2041 1807 2085 1846 in

225 1875 335 1914 villis
368 1878 410 1913 et
442 1875 695 1925 pauperibus
729 1876 768 1914 in
803 1875 960 1915 eisdem
985 1875 1265 1916 residentibus
1299 1876 1433 1916 nullas
1460 1874 1691 1928 collectam,
1708 1877 1892 1914 steuram
1925 1877 1968 1915 et
2000 1885 2084 1915 ex-

224 1944 426 1982 actionem
460 1943 709 1997 generalem
749 1947 791 1983 et
828 1944 1052 1995 specialem
1094 1946 1312 1997 requirere
1353 1949 1395 1984 et
1433 1945 1619 1998 exigere
1660 1946 1862 1994 perpetuo
1902 1942 2086 1984 audeant

227 2012 293 2050 vel
334 2016 583 2062 presumant.
647 2013 694 2052 In
742 2013 861 2053 cuius
903 2015 1180 2065 exemptionis
1229 2018 1270 2054 et
1315 2014 1575 2053 immunitatis
1623 2017 1768 2052 nostre
1808 2012 2083 2052 testimonium

225 2090 404 2129 presens
438 2081 702 2135 priuilegium
738 2080 841 2136 lieri,
874 2085 915 2122 et
948 2085 1180 2122 nostrorum
1213 2083 1445 2137 sigillorum
1478 2081 1696 2122 munimine
1729 2081 1923 2122 iussimus
1956 2079 2084 2120 robo-

225 2149 321 2186 rari.
385 2150 536 2189 Datum
577 2162 653 2201 per
692 2163 836 2191 manus
878 2152 1070 2206 magistri
1110 2152 1324 2205 Iohannis,
1366 2151 1567 2203 prepositi
1606 2150 1852 2204 Saccensis,
1891 2153 1934 2190 et
1972 2161 2085 2190 mar-

225 2216 443 2255 chionatus
491 2218 683 2258 Morauie
733 2221 1003 2271 protonotarii
1053 2221 1092 2260 in
1147 2220 1412 2275 XVelcgrad.
1486 2221 1611 2260 Anno
1659 2220 1808 2259 domini
1857 2219 2083 2273 millesimo,

226 2283 522 2338 ducentesimo7
555 2288 860 2342 octuagesimo,
894 2293 1041 2340 quarto
1074 2289 1175 2329 Idus
1206 2289 1480 2340 Septembris.
1514 2289 1755 2330 indiccione
1788 2288 1992 2329 secunda.

534 2383 826 2425 Apograplium
857 2387 981 2428 pluries
1012 2389 1166 2420 insertum
1199 2388 1409 2420 codicibus
1444 2388 1756 2430 privilegiorum
1791 2387 1955 2419 ecclcsiae
1985 2382 2079 2416 010-

638 2438 839 2467 muccnsis
870 2440 1005 2479 saepius
1034 2440 1154 2471 citatis,
1185 2458 1225 2462 —
1259 2441 1337 2470 ltem
1373 2441 1403 2471 in
1433 2439 1746 2471 confirmatione
1774 2437 1920 2470 Karoli
1948 2435 2006 2467 lv.
2039 2435 2081 2467 ab

636 2494 717 2516 anno
749 2486 848 2518 ¹348
872 2490 901 2519 in
925 2490 1061 2521 archivo
1085 2492 1216 2532 capituli
1242 2490 1543 2523 Olomucensis.
