2138 2845
1006 171 1106 210 124

120 318 264 353 vestre
305 314 443 353 series
477 314 730 367 continebat,
773 312 881 364 quod
913 324 992 352 vos
1033 312 1300 352 attendentes
1340 312 1574 352 deuotionis
1614 313 1816 368 affectum,
1858 327 1976 367 quem

117 383 264 422 Alsico
304 382 421 421 miles
461 383 512 421 ad
557 394 634 422 vos
677 386 718 421 et
757 382 1049 421 monasterium
1090 386 1274 421 vestrum
1317 382 1447 435 gerit,
1488 382 1619 421 eidem
1661 383 1858 423 decimam
1892 384 1976 423 vini

120 452 161 490 in
194 452 341 491 Monte
375 451 472 490 ville
506 451 558 490 de
592 450 827 501 Korerm’lt,
862 461 942 502 que
975 454 1140 502 spectat
1173 450 1227 489 ad
1259 451 1552 490 monasterium
1587 455 1785 505 vestrum,
1818 453 1977 491 libera-

119 520 214 559 liter
247 520 478 559 contulistis
521 520 605 559 vite
639 531 715 559 sue
756 519 1010 569 temporibus
1044 518 1352 570 possidendam,
1386 519 1440 558 ita
1475 523 1624 572 tamen,
1659 519 1765 571 quod
1801 520 1852 558 de
1886 520 1978 570 ipsa

120 588 278 628 decima
313 589 354 627 in
384 589 718 642 recognitionem
753 588 896 626 decem
924 600 1052 626 vrnas
1086 588 1168 625 uini
1198 588 1318 625 annis
1344 588 1527 641 singulis
1555 589 1806 627 monasterio
1834 591 1978 627 vestro

117 657 266 709 soluat,
307 661 348 695 et
381 656 488 707 quod
530 660 623 706 post
655 656 785 705 ipsius
829 655 979 694 obitum
1015 655 1123 693 dicta
1165 655 1324 694 decima
1359 656 1491 694 libere
1531 667 1581 695 ac
1624 657 1894 710 integraliter
1926 656 1980 696 ad

117 728 303 764 vestrum
342 724 633 763 monasterium
680 725 932 775 reuertatur,
973 723 1309 773 quemadmodum
1350 725 1390 763 in
1437 725 1585 763 litteris
1630 725 1726 764 inde
1775 723 1980 764 confectis

119 793 281 843 plenius
322 793 570 844 continetur,
611 791 730 829 cuius
771 793 957 828 tenorem
999 790 1050 828 de
1085 791 1216 829 uerbo
1258 791 1310 830 ad
1343 793 1515 831 uerbum
1549 793 1817 843 presentibus
1851 793 1979 832 inseri

119 859 290 900 fecimus
341 860 390 898 ad
441 861 502 898 rei
552 859 733 898 notitiam
784 858 1023 909 pleniorem.
1101 859 1247 898 'Fenor
1301 863 1437 899 autem
1484 861 1711 901 litterarum
1758 862 1853 901 talis
1902 866 1980 902 est.

119 928 255 977 (Ve‘de
279 940 318 967 η.
345 928 546 977 XXIII.)
599 926 743 976 Quare
768 927 1037 978 supplicastis
1065 927 1200 979 nobis,
1234 930 1277 966 ut
1308 925 1458 966 factum
1484 928 1714 968 huiusmodi
1739 941 1981 970 curaremus

119 1008 176 1036 ex
211 1001 356 1036 nostre
391 997 654 1036 auctoritatis
688 995 820 1035 officio
854 994 1112 1035 confirmare.
1156 994 1259 1036 Cum
1293 997 1427 1050 igitur
1459 997 1587 1035 rebus
1620 998 1738 1036 iustis
1772 1002 1813 1037 et
1846 998 1981 1037 hone-

120 1067 196 1106 stis
237 1066 335 1104 nihil
379 1066 534 1104 debeat
574 1063 822 1104 difficultatis
869 1063 1021 1117 afferri,
1070 1065 1176 1115 quod
1219 1076 1294 1115 per
1342 1076 1419 1104 uos
1462 1065 1503 1104 in
1543 1064 1624 1104 hac
1665 1070 1784 1116 parte
1831 1064 1982 1106 sactum

123 1140 201 1186 est,
243 1139 371 1173 ratum
414 1134 621 1173 habentes
669 1137 711 1172 et
750 1138 932 1186 gratum,
980 1133 1017 1172 id
1061 1135 1310 1172 auctoritate
1350 1133 1562 1173 ordinaria
1603 1132 1902 1187 confirmamus,
1943 1139 1985 1175 et

123 1204 334 1254 presentis
368 1204 510 1253 scripti
538 1203 770 1241 testimonio
795 1202 1099 1240 communimus.
1148 1202 1298 1242 Datum
1331 1202 1440 1253 apud
1468 1202 1644 1253 Znoym.
1680 1203 1801 1242 Anno
1835 1202 1984 1243 domini

121 1272 181 1312 M.
217 1270 305 1312 CC.
339 1272 547 1312 LXXIV.
611 1271 728 1311 Vm.
761 1271 980 1310 Kalendas
1013 1271 1184 1321 Aprilis.

438 1371 468 1404 E
493 1371 613 1413 copia
636 1370 817 1412 simplici
841 1371 871 1401 in
895 1371 1114 1412 registi-atum
1137 1379 1166 1401 c.
1191 1380 1216 1401 r.
1241 1368 1439 1401 Gubernii
1462 1369 1680 1401 Moravici.

933 1538 1182 1577 LXXXIX.

130 1640 248 1680 Idem
282 1639 541 1680 Ber-elnoldo
580 1640 632 1679 de
664 1640 878 1692 Ronbery,
917 1641 1039 1679 militi
1070 1652 1161 1691 suo,
1196 1639 1371 1692 feudum
1404 1640 1448 1679 in
1482 1638 1753 1690 „Chochow”
1786 1639 1987 1679 concedit.

472 1710 545 1748 Dc.
581 1708 816 1759 Cremsiriz‘,
847 1709 988 1761 pridie
1020 1709 1244 1749 Kalendas
1276 1709 1456 1761 Aprile'S,
1495 1708 1647 1749 1274.

271 1802 451 1873 Bruno,
502 1820 568 1859 dei
617 1821 760 1874 gratia
812 1819 1102 1859 olomucensis
1146 1821 1396 1873 Episcopus,
1439 1820 1591 1859 dilecto
1633 1820 1713 1859 sibi
1754 1818 1988 1860 Berhloldo

125 1888 176 1928 de
209 1888 448 1940 Ronbercle,
483 1889 592 1928 militi
626 1901 717 1942 suo,
758 1892 799 1927 et
831 1888 1058 1928 heredibus
1092 1890 1180 1929 suis
1221 1890 1260 1928 in
1303 1892 1558 1939 perpetuum.
1622 1889 1771 1942 Digne
1805 1889 1986 1942 agimuS,

126 1963 166 1996 et
201 1960 361 1997 ratione
400 1969 622 2011 mouemur,
664 1957 755 1996 dum
789 1968 943 2010 eorum,
982 1959 1048 2009 qui
1083 1969 1131 1997 se
1165 1958 1285 1997 nobis
1326 1962 1367 1997 et
1402 1957 1588 1996 ecclesie
1631 1962 1773 1996 nostre
1807 1957 1988 1997 seruiles

126 2026 326 2065 exhibent
368 2032 409 2066 et
443 2025 601 2079 tideles,
644 2038 1010 2077 recompensamus
1050 2027 1232 2066 seruicia
1273 2025 1418 2065 fauore
1460 2031 1501 2065 et
1540 2027 1680 2079 gratia
1721 2026 1909 2080 speciali,
1944 2030 1989 2066 vt

127 2092 358 2133 sei-uentius
403 2096 597 2134 insistant
638 2096 794 2134 nostris
834 2096 1031 2149 seruitiis,
1079 2095 1170 2134 dum
1211 2093 1394 2134 fauorem
1436 2099 1619 2133 nostrum
1658 2095 1737 2133 sibi
1777 2095 1990 2134 senserint

129 2162 311 2202 affuisse.
375 2164 483 2202 Hinc
524 2168 604 2217 est,
637 2164 760 2218 quod,
802 2165 1003 2216 inspectis
1042 2165 1299 2203 sinceritatis
1338 2169 1408 2203 tue
1442 2164 1641 2215 seruitiis,
1682 2174 1762 2215 que
1796 2163 1916 2202 nobis
1950 2163 1991 2202 in

129 2232 314 2270 ecclesie
366 2236 507 2270 nostre
557 2235 740 2285 negotiis
790 2238 831 2273 et
879 2233 1121 2272 vtilitatibus
1171 2245 1253 2272 non
1299 2232 1511 2284 parcendo
1560 2232 1687 2271 rebus
1728 2235 1770 2271 et
1808 2241 1990 2283 persone

130 2299 446 2352 promptitudine
487 2304 615 2351 grata
653 2302 731 2339 iam
775 2301 926 2341 diutius
966 2302 1212 2355 impendisti,
1252 2305 1293 2341 et
1333 2301 1513 2340 intendis
1554 2301 1594 2339 in
1626 2299 1855 2339 huiusmodi
1889 2309 1990 2349 per-

134 2369 291 2407 sistere
332 2368 516 2406 seruitiis
558 2369 834 2422 incessanter,
874 2381 1047 2421 cumque
1091 2369 1359 2410 benefecisse
1400 2371 1520 2409 bonis
1559 2370 1613 2408 sit
1653 2371 1690 2408 in
1732 2369 1836 2407 omni
1871 2370 1989 2417 parte

138 2436 366 2476 lucrosum:
416 2435 504 2474 Nos
537 2435 624 2488 tibi,
666 2437 732 2486 qui
766 2440 807 2474 te
847 2441 925 2475 tam
960 2437 1052 2477 {idei
1094 2440 1272 2489 puritate
1306 2451 1425 2490 quam
1465 2439 1735 2477 seruiciorum
1768 2435 1990 2488 exigentia

133 2506 420 2544 retributionis
461 2505 615 2556 premio
657 2504 828 2557 dignum
868 2505 1024 2559 reddiS,
1059 2507 1201 2545 damus
1242 2512 1283 2546 et
1316 2505 1565 2546 conserimus
1605 2503 1832 2543 liberaliter
1865 2506 1906 2542 et
1939 2502 1990 2541 li-

136 2575 284 2614 benter
326 2575 366 2613 in
406 2572 584 2626 feodum,
623 2573 788 2624 capituli
832 2574 962 2612 nostri
1004 2575 1236 2615 accedente
1279 2586 1504 2627 consensu,
1547 2574 1586 2612 in
1630 2572 1725 2611 villa
1767 2576 1911 2611 nostra
1950 2573 1989 2611 in
