<?xml version="1.0" encoding="UTF-8"?>
<!DOCTYPE html PUBLIC "-//W3C//DTD XHTML 1.0 Transitional//EN"
    "http://www.w3.org/TR/xhtml1/DTD/xhtml1-transitional.dtd">
<html xmlns="http://www.w3.org/1999/xhtml" xml:lang="en" lang="en">
 <head>
  <title>
</title>
<meta http-equiv="Content-Type" content="text/html;charset=utf-8" />
  <meta name='ocr-system' content='tesseract 3.04.00' />
  <meta name='ocr-capabilities' content='ocr_page ocr_carea ocr_par ocr_line ocrx_word'/>
</head>
<body>
  <div class='ocr_page' id='page_1' title='image "./codexdiplomaticu04morauoft_0453.png"; bbox 0 0 2138 2845; ppageno 0'>
   <div class='ocr_carea' id='block_1_1' title="bbox 975 202 1081 245">
    <p class='ocr_par' dir='ltr' id='par_1_1' title="bbox 975 202 1081 245">
     <span class='ocr_line' id='line_1_1' title="bbox 975 202 1081 245; baseline 0.019 -2"><span class='ocrx_word' id='word_1_1' title='bbox 975 202 1081 245; x_wconf 67' lang='lat'><strong>407</strong></span> 
     </span>
    </p>
   </div>
   <div class='ocr_carea' id='block_1_2' title="bbox 932 266 1182 272">
    <p class='ocr_par' dir='ltr' id='par_1_2' title="bbox 932 266 1182 272">
     <span class='ocr_line' id='line_1_2' title="bbox 932 266 1182 272; baseline 0 0"><span class='ocrx_word' id='word_1_2' title='bbox 932 266 1182 272; x_wconf 95' lang='lat' dir='ltr'><strong> </strong></span> 
     </span>
    </p>
   </div>
   <div class='ocr_carea' id='block_1_3' title="bbox 95 343 1965 2663">
    <p class='ocr_par' dir='ltr' id='par_1_3' title="bbox 95 343 1965 2663">
     <span class='ocr_line' id='line_1_3' title="bbox 98 343 1959 397; baseline -0.002 -10"><span class='ocrx_word' id='word_1_3' title='bbox 98 346 329 388; x_wconf 82' lang='lat' dir='ltr'><strong>villularum</strong></span> <span class='ocrx_word' id='word_1_4' title='bbox 368 346 529 386; x_wconf 89' lang='lat' dir='ltr'><strong>minime</strong></span> <span class='ocrx_word' id='word_1_5' title='bbox 571 346 841 397; x_wconf 86' lang='lat' dir='ltr'><strong>protulerunt.</strong></span> <span class='ocrx_word' id='word_1_6' title='bbox 904 346 972 385; x_wconf 79' lang='lat' dir='ltr'><strong>Ex</strong></span> <span class='ocrx_word' id='word_1_7' title='bbox 1014 348 1133 397; x_wconf 84' lang='lat' dir='ltr'><strong>parte</strong></span> <span class='ocrx_word' id='word_1_8' title='bbox 1172 345 1306 385; x_wconf 85' lang='lat' dir='ltr'><strong>altera</strong></span> <span class='ocrx_word' id='word_1_9' title='bbox 1347 347 1483 384; x_wconf 88' lang='lat' dir='ltr'><strong>autem</strong></span> <span class='ocrx_word' id='word_1_10' title='bbox 1526 343 1714 395; x_wconf 88' lang='lat' dir='ltr'><strong>producti</strong></span> <span class='ocrx_word' id='word_1_11' title='bbox 1747 347 1883 385; x_wconf 88' lang='lat' dir='ltr'><strong>testes</strong></span> <span class='ocrx_word' id='word_1_12' title='bbox 1916 347 1959 384; x_wconf 89' lang='lat' dir='ltr'><strong>et</strong></span> 
     </span>
     <span class='ocr_line' id='line_1_4' title="bbox 96 412 1958 470; baseline -0.002 -15"><span class='ocrx_word' id='word_1_13' title='bbox 96 413 350 470; x_wconf 73' lang='lat' dir='ltr'><strong>interrogati</strong></span> <span class='ocrx_word' id='word_1_14' title='bbox 384 415 705 468; x_wconf 73' lang='lat' dir='ltr'><strong>responderunt,</strong></span> <span class='ocrx_word' id='word_1_15' title='bbox 747 414 854 466; x_wconf 87' lang='lat' dir='ltr'><strong>quod</strong></span> <span class='ocrx_word' id='word_1_16' title='bbox 897 415 949 453; x_wconf 85' lang='lat' dir='ltr'><strong>ab</strong></span> <span class='ocrx_word' id='word_1_17' title='bbox 992 415 1171 465; x_wconf 81' lang='lat' dir='ltr'>antiquis</span> <span class='ocrx_word' id='word_1_18' title='bbox 1213 413 1469 464; x_wconf 80' lang='lat' dir='ltr'>temporibus</span> <span class='ocrx_word' id='word_1_19' title='bbox 1510 424 1586 464; x_wconf 93' lang='lat' dir='ltr'><strong>per</strong></span> <span class='ocrx_word' id='word_1_20' title='bbox 1618 412 1823 464; x_wconf 82' lang='lat' dir='ltr'><strong>quandam</strong></span> <span class='ocrx_word' id='word_1_21' title='bbox 1856 424 1958 465; x_wconf 88' lang='lat' dir='ltr'><strong>per-</strong></span> 
     </span>
     <span class='ocr_line' id='line_1_5' title="bbox 95 481 1958 536; baseline -0.002 -11"><span class='ocrx_word' id='word_1_22' title='bbox 95 485 252 525; x_wconf 89' lang='lat' dir='ltr'><strong>sonalis</strong></span> <span class='ocrx_word' id='word_1_23' title='bbox 286 485 532 524; x_wconf 79' lang='lat' dir='ltr'><strong>limitationis</strong></span> <span class='ocrx_word' id='word_1_24' title='bbox 566 482 733 523; x_wconf 87' lang='lat' dir='ltr'><strong>formam</strong></span> <span class='ocrx_word' id='word_1_25' title='bbox 766 484 928 523; x_wconf 79' lang='lat' dir='ltr'><strong>bohemi</strong></span> <span class='ocrx_word' id='word_1_26' title='bbox 968 483 1020 522; x_wconf 89' lang='lat' dir='ltr'><strong>ad</strong></span> <span class='ocrx_word' id='word_1_27' title='bbox 1054 486 1240 523; x_wconf 87' lang='lat' dir='ltr'><strong>sanctum</strong></span> <span class='ocrx_word' id='word_1_28' title='bbox 1280 482 1462 536; x_wconf 74' lang='lat' dir='ltr'><strong>Petrum,</strong></span> <span class='ocrx_word' id='word_1_29' title='bbox 1502 483 1732 521; x_wconf 91' lang='lat' dir='ltr'><strong>thevtonici</strong></span> <span class='ocrx_word' id='word_1_30' title='bbox 1764 493 1869 522; x_wconf 89' lang='lat' dir='ltr'><strong>vero</strong></span> <span class='ocrx_word' id='word_1_31' title='bbox 1903 481 1958 521; x_wconf 89' lang='lat' dir='ltr'><strong>ad</strong></span> 
     </span>
     <span class='ocr_line' id='line_1_6' title="bbox 96 550 1958 606; baseline -0.002 -13"><span class='ocrx_word' id='word_1_32' title='bbox 96 557 285 594; x_wconf 88' lang='lat' dir='ltr'><strong>sanctum</strong></span> <span class='ocrx_word' id='word_1_33' title='bbox 324 554 519 593; x_wconf 84' lang='lat' dir='ltr'><strong>Iacobum</strong></span> <span class='ocrx_word' id='word_1_34' title='bbox 569 554 840 604; x_wconf 83' lang='lat' dir='ltr'><strong>pertinerent.</strong></span> <span class='ocrx_word' id='word_1_35' title='bbox 905 552 1072 592; x_wconf 86' lang='lat' dir='ltr'><strong>Deinde</strong></span> <span class='ocrx_word' id='word_1_36' title='bbox 1122 551 1350 606; x_wconf 85' lang='lat' dir='ltr'><strong>priuilegia</strong></span> <span class='ocrx_word' id='word_1_37' title='bbox 1392 551 1527 590; x_wconf 89' lang='lat' dir='ltr'><strong>sancti</strong></span> <span class='ocrx_word' id='word_1_38' title='bbox 1569 551 1686 590; x_wconf 91' lang='lat' dir='ltr'><strong>Petri</strong></span> <span class='ocrx_word' id='word_1_39' title='bbox 1729 550 1958 605; x_wconf 81' lang='lat' dir='ltr'><strong>diligenter</strong></span> 
     </span>
     <span class='ocr_line' id='line_1_7' title="bbox 96 619 1956 675; baseline -0.002 -13"><span class='ocrx_word' id='word_1_40' title='bbox 96 623 369 673; x_wconf 85' lang='lat' dir='ltr'><strong>inspicientes</strong></span> <span class='ocrx_word' id='word_1_41' title='bbox 403 623 443 662; x_wconf 93' lang='lat' dir='ltr'><strong>id</strong></span> <span class='ocrx_word' id='word_1_42' title='bbox 475 622 603 662; x_wconf 89' lang='lat' dir='ltr'><strong>solum</strong></span> <span class='ocrx_word' id='word_1_43' title='bbox 636 632 693 661; x_wconf 83' lang='lat' dir='ltr'><strong>ex</strong></span> <span class='ocrx_word' id='word_1_44' title='bbox 718 623 780 661; x_wconf 89' lang='lat' dir='ltr'><strong>eis</strong></span> <span class='ocrx_word' id='word_1_45' title='bbox 813 621 1076 675; x_wconf 71' lang='lat' dir='ltr'><strong>collegimus,</strong></span> <span class='ocrx_word' id='word_1_46' title='bbox 1101 620 1209 672; x_wconf 88' lang='lat' dir='ltr'><strong>quod</strong></span> <span class='ocrx_word' id='word_1_47' title='bbox 1235 620 1421 660; x_wconf 89' lang='lat' dir='ltr'><strong>ecclesia</strong></span> <span class='ocrx_word' id='word_1_48' title='bbox 1453 620 1589 659; x_wconf 88' lang='lat' dir='ltr'><strong>sancti</strong></span> <span class='ocrx_word' id='word_1_49' title='bbox 1614 619 1869 658; x_wconf 84' lang='lat' dir='ltr'><strong>Michahelis</strong></span> <span class='ocrx_word' id='word_1_50' title='bbox 1903 619 1956 658; x_wconf 92' lang='lat' dir='ltr'><strong>ab</strong></span> 
     </span>
     <span class='ocr_line' id='line_1_8' title="bbox 96 686 1957 742; baseline -0.002 -11"><span class='ocrx_word' id='word_1_51' title='bbox 96 691 281 731; x_wconf 83' lang='lat' dir='ltr'><strong>ecclesia</strong></span> <span class='ocrx_word' id='word_1_52' title='bbox 313 692 448 731; x_wconf 91' lang='lat' dir='ltr'><strong>sancti</strong></span> <span class='ocrx_word' id='word_1_53' title='bbox 475 691 590 730; x_wconf 88' lang='lat' dir='ltr'><strong>Petri</strong></span> <span class='ocrx_word' id='word_1_54' title='bbox 625 691 1014 741; x_wconf 83' lang='lat' dir='ltr'><strong>recompensatione</strong></span> <span class='ocrx_word' id='word_1_55' title='bbox 1041 689 1305 742; x_wconf 87' lang='lat' dir='ltr'><strong>quorumdam</strong></span> <span class='ocrx_word' id='word_1_56' title='bbox 1331 688 1560 728; x_wconf 88' lang='lat' dir='ltr'><strong>reddituum</strong></span> <span class='ocrx_word' id='word_1_57' title='bbox 1594 691 1787 739; x_wconf 84' lang='lat' dir='ltr'><strong>exempta</strong></span> <span class='ocrx_word' id='word_1_58' title='bbox 1819 686 1957 742; x_wconf 74' lang='lat' dir='ltr'><strong>fuerit,</strong></span> 
     </span>
     <span class='ocr_line' id='line_1_9' title="bbox 96 757 1959 813; baseline -0.002 -14"><span class='ocrx_word' id='word_1_59' title='bbox 96 763 139 800; x_wconf 91' lang='lat' dir='ltr'><strong>et</strong></span> <span class='ocrx_word' id='word_1_60' title='bbox 183 758 384 799; x_wconf 85' lang='lat' dir='ltr'><strong>fratribus</strong></span> <span class='ocrx_word' id='word_1_61' title='bbox 436 759 770 811; x_wconf 86' lang='lat' dir='ltr'><strong>predicatoribus</strong></span> <span class='ocrx_word' id='word_1_62' title='bbox 818 760 1057 813; x_wconf 77' lang='lat' dir='ltr'><strong>assignata.</strong></span> <span class='ocrx_word' id='word_1_63' title='bbox 1138 759 1308 798; x_wconf 86' lang='lat' dir='ltr'><strong>Demum</strong></span> <span class='ocrx_word' id='word_1_64' title='bbox 1358 757 1584 811; x_wconf 80' lang='lat' dir='ltr'><strong>priuilegia</strong></span> <span class='ocrx_word' id='word_1_65' title='bbox 1632 758 1768 796; x_wconf 85' lang='lat' dir='ltr'><strong>sancti</strong></span> <span class='ocrx_word' id='word_1_66' title='bbox 1813 757 1959 796; x_wconf 89' lang='lat' dir='ltr'><strong>Iacobi</strong></span> 
     </span>
     <span class='ocr_line' id='line_1_10' title="bbox 97 825 1959 880; baseline -0.002 -12"><span class='ocrx_word' id='word_1_67' title='bbox 97 827 373 868; x_wconf 83' lang='lat' dir='ltr'><strong>discutientes</strong></span> <span class='ocrx_word' id='word_1_68' title='bbox 405 828 485 867; x_wconf 91' lang='lat' dir='ltr'><strong>hoc</strong></span> <span class='ocrx_word' id='word_1_69' title='bbox 520 829 759 880; x_wconf 84' lang='lat' dir='ltr'><strong>precipuum</strong></span> <span class='ocrx_word' id='word_1_70' title='bbox 793 839 848 868; x_wconf 82' lang='lat' dir='ltr'><strong>ex</strong></span> <span class='ocrx_word' id='word_1_71' title='bbox 881 829 943 867; x_wconf 89' lang='lat' dir='ltr'><strong>eis</strong></span> <span class='ocrx_word' id='word_1_72' title='bbox 977 828 1247 880; x_wconf 69' lang='lat' dir='ltr'><strong>aduertimus,</strong></span> <span class='ocrx_word' id='word_1_73' title='bbox 1281 825 1388 878; x_wconf 83' lang='lat' dir='ltr'><strong>quod</strong></span> <span class='ocrx_word' id='word_1_74' title='bbox 1424 826 1545 877; x_wconf 93' lang='lat' dir='ltr'><strong>pleno</strong></span> <span class='ocrx_word' id='word_1_75' title='bbox 1580 825 1833 877; x_wconf 84' lang='lat' dir='ltr'><strong>parrochiali</strong></span> <span class='ocrx_word' id='word_1_76' title='bbox 1868 826 1959 865; x_wconf 89' lang='lat' dir='ltr'><strong>iure</strong></span> 
     </span>
     <span class='ocr_line' id='line_1_11' title="bbox 97 894 1959 951; baseline -0.002 -15"><span class='ocrx_word' id='word_1_77' title='bbox 97 896 293 951; x_wconf 84' lang='lat' dir='ltr'><strong>gaudere</strong></span> <span class='ocrx_word' id='word_1_78' title='bbox 326 896 495 951; x_wconf 70' lang='lat' dir='ltr'><strong>debeat,</strong></span> <span class='ocrx_word' id='word_1_79' title='bbox 529 901 570 937; x_wconf 89' lang='lat' dir='ltr'><strong>et</strong></span> <span class='ocrx_word' id='word_1_80' title='bbox 603 897 711 949; x_wconf 86' lang='lat' dir='ltr'><strong>quod</strong></span> <span class='ocrx_word' id='word_1_81' title='bbox 738 896 901 947; x_wconf 87' lang='lat' dir='ltr'><strong>capella</strong></span> <span class='ocrx_word' id='word_1_82' title='bbox 933 897 1069 935; x_wconf 88' lang='lat' dir='ltr'><strong>sancti</strong></span> <span class='ocrx_word' id='word_1_83' title='bbox 1101 896 1265 935; x_wconf 87' lang='lat' dir='ltr'><strong>Nicolai</strong></span> <span class='ocrx_word' id='word_1_84' title='bbox 1300 895 1351 934; x_wconf 85' lang='lat' dir='ltr'><strong>ad</strong></span> <span class='ocrx_word' id='word_1_85' title='bbox 1386 906 1475 934; x_wconf 91' lang='lat' dir='ltr'><strong>eam</strong></span> <span class='ocrx_word' id='word_1_86' title='bbox 1511 895 1732 948; x_wconf 74' lang='lat' dir='ltr'><strong>pertineat,</strong></span> <span class='ocrx_word' id='word_1_87' title='bbox 1766 894 1959 946; x_wconf 88' lang='lat' dir='ltr'><strong>quodque</strong></span> 
     </span>
     <span class='ocr_line' id='line_1_12' title="bbox 95 961 1960 1017; baseline -0.002 -11"><span class='ocrx_word' id='word_1_88' title='bbox 95 965 162 1005; x_wconf 87' lang='lat' dir='ltr'><strong>ius</strong></span> <span class='ocrx_word' id='word_1_89' title='bbox 194 969 436 1016; x_wconf 83' lang='lat' dir='ltr'><strong>patronatus</strong></span> <span class='ocrx_word' id='word_1_90' title='bbox 469 967 509 1005; x_wconf 92' lang='lat' dir='ltr'><strong>in</strong></span> <span class='ocrx_word' id='word_1_91' title='bbox 543 967 634 1017; x_wconf 89' lang='lat' dir='ltr'><strong>ipsa</strong></span> <span class='ocrx_word' id='word_1_92' title='bbox 668 965 851 1005; x_wconf 90' lang='lat' dir='ltr'><strong>ecclesia</strong></span> <span class='ocrx_word' id='word_1_93' title='bbox 885 965 1083 1016; x_wconf 90' lang='lat' dir='ltr'><strong>princeps</strong></span> <span class='ocrx_word' id='word_1_94' title='bbox 1123 967 1220 1003; x_wconf 90' lang='lat' dir='ltr'><strong>tunc</strong></span> <span class='ocrx_word' id='word_1_95' title='bbox 1253 963 1448 1003; x_wconf 89' lang='lat' dir='ltr'><strong>Morauie</strong></span> <span class='ocrx_word' id='word_1_96' title='bbox 1481 963 1734 1003; x_wconf 84' lang='lat' dir='ltr'><strong>monasterio</strong></span> <span class='ocrx_word' id='word_1_97' title='bbox 1768 962 1821 1002; x_wconf 90' lang='lat' dir='ltr'><strong>de</strong></span> <span class='ocrx_word' id='word_1_98' title='bbox 1855 961 1960 1003; x_wconf 90' lang='lat' dir='ltr'><strong>Ozla</strong></span> 
     </span>
     <span class='ocr_line' id='line_1_13' title="bbox 96 1031 1958 1088; baseline -0.002 -14"><span class='ocrx_word' id='word_1_99' title='bbox 96 1034 333 1088; x_wconf 81' lang='lat' dir='ltr'><strong>contulerit,</strong></span> <span class='ocrx_word' id='word_1_100' title='bbox 373 1037 415 1074; x_wconf 92' lang='lat' dir='ltr'><strong>et</strong></span> <span class='ocrx_word' id='word_1_101' title='bbox 455 1035 565 1087; x_wconf 90' lang='lat' dir='ltr'><strong>quod</strong></span> <span class='ocrx_word' id='word_1_102' title='bbox 605 1035 765 1074; x_wconf 85' lang='lat' dir='ltr'><strong>bohemi</strong></span> <span class='ocrx_word' id='word_1_103' title='bbox 807 1033 860 1072; x_wconf 87' lang='lat' dir='ltr'><strong>ab</strong></span> <span class='ocrx_word' id='word_1_104' title='bbox 903 1033 1087 1072; x_wconf 89' lang='lat' dir='ltr'><strong>ecclesia</strong></span> <span class='ocrx_word' id='word_1_105' title='bbox 1133 1033 1267 1072; x_wconf 89' lang='lat' dir='ltr'><strong>sancti</strong></span> <span class='ocrx_word' id='word_1_106' title='bbox 1310 1031 1441 1086; x_wconf 74' lang='lat' dir='ltr'><strong>Petri⁷</strong></span> <span class='ocrx_word' id='word_1_107' title='bbox 1481 1032 1711 1072; x_wconf 88' lang='lat' dir='ltr'><strong>thevtonici</strong></span> <span class='ocrx_word' id='word_1_108' title='bbox 1760 1042 1865 1071; x_wconf 90' lang='lat' dir='ltr'><strong>vero</strong></span> <span class='ocrx_word' id='word_1_109' title='bbox 1905 1032 1958 1071; x_wconf 90' lang='lat' dir='ltr'><strong>ab</strong></span> 
     </span>
     <span class='ocr_line' id='line_1_14' title="bbox 97 1100 1961 1153; baseline -0.002 -10"><span class='ocrx_word' id='word_1_110' title='bbox 97 1103 284 1144; x_wconf 83' lang='lat' dir='ltr'><strong>ecclesia</strong></span> <span class='ocrx_word' id='word_1_111' title='bbox 323 1105 459 1143; x_wconf 89' lang='lat' dir='ltr'><strong>sancti</strong></span> <span class='ocrx_word' id='word_1_112' title='bbox 506 1104 649 1144; x_wconf 91' lang='lat' dir='ltr'><strong>Iacobi</strong></span> <span class='ocrx_word' id='word_1_113' title='bbox 696 1105 847 1142; x_wconf 86' lang='lat' dir='ltr'><strong>cuncta</strong></span> <span class='ocrx_word' id='word_1_114' title='bbox 896 1103 985 1141; x_wconf 91' lang='lat' dir='ltr'><strong>iura</strong></span> <span class='ocrx_word' id='word_1_115' title='bbox 1027 1101 1308 1153; x_wconf 86' lang='lat' dir='ltr'><strong>parrochialia</strong></span> <span class='ocrx_word' id='word_1_116' title='bbox 1354 1104 1396 1141; x_wconf 91' lang='lat' dir='ltr'><strong>et</strong></span> <span class='ocrx_word' id='word_1_117' title='bbox 1443 1101 1738 1140; x_wconf 86' lang='lat' dir='ltr'><strong>ecclesiastica</strong></span> <span class='ocrx_word' id='word_1_118' title='bbox 1778 1100 1961 1140; x_wconf 89' lang='lat' dir='ltr'><strong>debeant</strong></span> 
     </span>
     <span class='ocr_line' id='line_1_15' title="bbox 96 1169 1960 1223; baseline -0.002 -11"><span class='ocrx_word' id='word_1_119' title='bbox 96 1172 320 1223; x_wconf 86' lang='lat' dir='ltr'><strong>percipere</strong></span> <span class='ocrx_word' id='word_1_120' title='bbox 337 1177 618 1213; x_wconf 86' lang='lat' dir='ltr'><strong>sacramenta.</strong></span> <span class='ocrx_word' id='word_1_121' title='bbox 657 1173 780 1212; x_wconf 87' lang='lat' dir='ltr'><strong>Hanc</strong></span> <span class='ocrx_word' id='word_1_122' title='bbox 802 1171 1064 1222; x_wconf 80' lang='lat' dir='ltr'><strong>personalem</strong></span> <span class='ocrx_word' id='word_1_123' title='bbox 1084 1170 1396 1222; x_wconf 84' lang='lat' dir='ltr'><strong>parrochiarum</strong></span> <span class='ocrx_word' id='word_1_124' title='bbox 1415 1170 1692 1209; x_wconf 89' lang='lat' dir='ltr'><strong>limitationem</strong></span> <span class='ocrx_word' id='word_1_125' title='bbox 1711 1169 1960 1209; x_wconf 86' lang='lat' dir='ltr'><strong>Alexandro</strong></span> 
     </span>
     <span class='ocr_line' id='line_1_16' title="bbox 97 1237 1960 1294; baseline -0.001 -15"><span class='ocrx_word' id='word_1_126' title='bbox 97 1252 222 1294; x_wconf 73' lang='lat' dir='ltr'><strong>papa,</strong></span> <span class='ocrx_word' id='word_1_127' title='bbox 261 1240 383 1280; x_wconf 90' lang='lat' dir='ltr'><strong>huius</strong></span> <span class='ocrx_word' id='word_1_128' title='bbox 422 1242 596 1281; x_wconf 89' lang='lat' dir='ltr'><strong>nominis</strong></span> <span class='ocrx_word' id='word_1_129' title='bbox 637 1245 800 1294; x_wconf 76' lang='lat' dir='ltr'><strong>quarto,</strong></span> <span class='ocrx_word' id='word_1_130' title='bbox 842 1251 918 1280; x_wconf 93' lang='lat' dir='ltr'><strong>suo</strong></span> <span class='ocrx_word' id='word_1_131' title='bbox 959 1240 1185 1294; x_wconf 84' lang='lat' dir='ltr'><strong>priuilegio</strong></span> <span class='ocrx_word' id='word_1_132' title='bbox 1224 1237 1355 1279; x_wconf 90' lang='lat' dir='ltr'><strong>forme</strong></span> <span class='ocrx_word' id='word_1_133' title='bbox 1396 1239 1619 1278; x_wconf 90' lang='lat' dir='ltr'><strong>communis</strong></span> <span class='ocrx_word' id='word_1_134' title='bbox 1667 1249 1719 1278; x_wconf 87' lang='lat' dir='ltr'><strong>ac</strong></span> <span class='ocrx_word' id='word_1_135' title='bbox 1762 1238 1960 1289; x_wconf 90' lang='lat' dir='ltr'><strong>simplicis</strong></span> 
     </span>
     <span class='ocr_line' id='line_1_17' title="bbox 97 1305 1960 1363; baseline -0.001 -16"><span class='ocrx_word' id='word_1_136' title='bbox 97 1306 381 1349; x_wconf 85' lang='lat' dir='ltr'><strong>confirmante.</strong></span> <span class='ocrx_word' id='word_1_137' title='bbox 443 1308 585 1361; x_wconf 89' lang='lat' dir='ltr'><strong>Super</strong></span> <span class='ocrx_word' id='word_1_138' title='bbox 633 1309 713 1349; x_wconf 87' lang='lat' dir='ltr'><strong>hiis</strong></span> <span class='ocrx_word' id='word_1_139' title='bbox 753 1310 885 1363; x_wconf 81' lang='lat' dir='ltr'><strong>igitur</strong></span> <span class='ocrx_word' id='word_1_140' title='bbox 925 1309 1113 1348; x_wconf 89' lang='lat' dir='ltr'><strong>omnibus</strong></span> <span class='ocrx_word' id='word_1_141' title='bbox 1162 1319 1315 1347; x_wconf 89' lang='lat' dir='ltr'><strong>summa</strong></span> <span class='ocrx_word' id='word_1_142' title='bbox 1358 1307 1662 1346; x_wconf 86' lang='lat' dir='ltr'><strong>deliberatione</strong></span> <span class='ocrx_word' id='word_1_143' title='bbox 1709 1306 1867 1361; x_wconf 74' lang='lat' dir='ltr'><strong>habita,</strong></span> <span class='ocrx_word' id='word_1_144' title='bbox 1907 1305 1960 1345; x_wconf 93' lang='lat' dir='ltr'><strong>de</strong></span> 
     </span>
     <span class='ocr_line' id='line_1_18' title="bbox 97 1375 1957 1428; baseline -0.001 -12"><span class='ocrx_word' id='word_1_145' title='bbox 97 1377 274 1417; x_wconf 90' lang='lat' dir='ltr'><strong>consilio</strong></span> <span class='ocrx_word' id='word_1_146' title='bbox 307 1377 551 1428; x_wconf 89' lang='lat' dir='ltr'><strong>prudentum</strong></span> <span class='ocrx_word' id='word_1_147' title='bbox 590 1378 771 1417; x_wconf 89' lang='lat' dir='ltr'><strong>uirorum</strong></span> <span class='ocrx_word' id='word_1_148' title='bbox 811 1377 1084 1417; x_wconf 86' lang='lat' dir='ltr'><strong>assidentium</strong></span> <span class='ocrx_word' id='word_1_149' title='bbox 1123 1377 1244 1417; x_wconf 90' lang='lat' dir='ltr'><strong>nobis</strong></span> <span class='ocrx_word' id='word_1_150' title='bbox 1284 1379 1427 1428; x_wconf 90' lang='lat' dir='ltr'><strong>partes</strong></span> <span class='ocrx_word' id='word_1_151' title='bbox 1466 1375 1519 1415; x_wconf 89' lang='lat' dir='ltr'><strong>ad</strong></span> <span class='ocrx_word' id='word_1_152' title='bbox 1553 1375 1808 1415; x_wconf 87' lang='lat' dir='ltr'><strong>amicabilem</strong></span> <span class='ocrx_word' id='word_1_153' title='bbox 1841 1386 1957 1415; x_wconf 89' lang='lat' dir='ltr'><strong>com-</strong></span> 
     </span>
     <span class='ocr_line' id='line_1_19' title="bbox 98 1444 1962 1501; baseline -0.001 -16"><span class='ocrx_word' id='word_1_154' title='bbox 98 1445 355 1497; x_wconf 89' lang='lat' dir='ltr'><strong>posicionem</strong></span> <span class='ocrx_word' id='word_1_155' title='bbox 404 1447 679 1501; x_wconf 81' lang='lat' dir='ltr'><strong>inuitauimus,</strong></span> <span class='ocrx_word' id='word_1_156' title='bbox 725 1449 768 1486; x_wconf 85' lang='lat' dir='ltr'><strong>et</strong></span> <span class='ocrx_word' id='word_1_157' title='bbox 818 1447 1102 1498; x_wconf 87' lang='lat' dir='ltr'><strong>persuasimus</strong></span> <span class='ocrx_word' id='word_1_158' title='bbox 1151 1446 1347 1486; x_wconf 90' lang='lat' dir='ltr'><strong>inuitatis.</strong></span> <span class='ocrx_word' id='word_1_159' title='bbox 1410 1444 1607 1496; x_wconf 83' lang='lat' dir='ltr'><strong>Denique</strong></span> <span class='ocrx_word' id='word_1_160' title='bbox 1655 1444 1871 1484; x_wconf 89' lang='lat' dir='ltr'><strong>abbatisse</strong></span> <span class='ocrx_word' id='word_1_161' title='bbox 1920 1446 1962 1484; x_wconf 88' lang='lat' dir='ltr'><strong>et</strong></span> 
     </span>
     <span class='ocr_line' id='line_1_20' title="bbox 98 1513 1961 1568; baseline -0.001 -14"><span class='ocrx_word' id='word_1_162' title='bbox 98 1517 333 1554; x_wconf 87' lang='lat' dir='ltr'><strong>conuentus</strong></span> <span class='ocrx_word' id='word_1_163' title='bbox 365 1515 707 1554; x_wconf 91' lang='lat' dir='ltr'><strong>monasteriorum</strong></span> <span class='ocrx_word' id='word_1_164' title='bbox 729 1514 782 1554; x_wconf 87' lang='lat' dir='ltr'><strong>de</strong></span> <span class='ocrx_word' id='word_1_165' title='bbox 805 1514 1055 1555; x_wconf 79' lang='lat' dir='ltr'><strong>Tvsnawitz</strong></span> <span class='ocrx_word' id='word_1_166' title='bbox 1082 1517 1124 1553; x_wconf 88' lang='lat' dir='ltr'><strong>et</strong></span> <span class='ocrx_word' id='word_1_167' title='bbox 1151 1514 1204 1553; x_wconf 91' lang='lat' dir='ltr'><strong>de</strong></span> <span class='ocrx_word' id='word_1_168' title='bbox 1230 1514 1348 1568; x_wconf 78' lang='lat' dir='ltr'><strong>Ozla,</strong></span> <span class='ocrx_word' id='word_1_169' title='bbox 1381 1514 1422 1553; x_wconf 93' lang='lat' dir='ltr'><strong>in</strong></span> <span class='ocrx_word' id='word_1_170' title='bbox 1448 1514 1555 1553; x_wconf 91' lang='lat' dir='ltr'><strong>hanc</strong></span> <span class='ocrx_word' id='word_1_171' title='bbox 1581 1513 1961 1565; x_wconf 86' lang='lat' dir='ltr'><strong>compromissionis</strong></span> 
     </span>
     <span class='ocr_line' id='line_1_21' title="bbox 97 1580 1965 1636; baseline -0.001 -14"><span class='ocrx_word' id='word_1_172' title='bbox 97 1580 283 1636; x_wconf 79' lang='lat' dir='ltr'><strong>sormam⁷</strong></span> <span class='ocrx_word' id='word_1_173' title='bbox 330 1593 412 1634; x_wconf 89' lang='lat' dir='ltr'><strong>que</strong></span> <span class='ocrx_word' id='word_1_174' title='bbox 459 1581 569 1622; x_wconf 86' lang='lat' dir='ltr'><strong>infra</strong></span> <span class='ocrx_word' id='word_1_175' title='bbox 616 1584 875 1636; x_wconf 73' lang='lat' dir='ltr'><strong>exprimitur,</strong></span> <span class='ocrx_word' id='word_1_176' title='bbox 923 1586 1247 1623; x_wconf 89' lang='lat' dir='ltr'><strong>consenserunt.</strong></span> <span class='ocrx_word' id='word_1_177' title='bbox 1309 1582 1401 1622; x_wconf 88' lang='lat' dir='ltr'><strong>Nos</strong></span> <span class='ocrx_word' id='word_1_178' title='bbox 1442 1593 1613 1621; x_wconf 83' lang='lat' dir='ltr'><strong>sorores</strong></span> <span class='ocrx_word' id='word_1_179' title='bbox 1661 1580 1886 1622; x_wconf 71' lang='lat' dir='ltr'><strong>Get-trudis</strong></span> <span class='ocrx_word' id='word_1_180' title='bbox 1926 1584 1965 1620; x_wconf 90' lang='lat' dir='ltr'><strong>et</strong></span> 
     </span>
     <span class='ocr_line' id='line_1_22' title="bbox 96 1649 1962 1702; baseline -0.002 -11"><span class='ocrx_word' id='word_1_181' title='bbox 96 1650 304 1702; x_wconf 75' lang='lat' dir='ltr'><strong>Perclita,</strong></span> <span class='ocrx_word' id='word_1_182' title='bbox 336 1651 686 1690; x_wconf 71' lang='lat' dir='ltr'><strong>monasteriorum</strong></span> <span class='ocrx_word' id='word_1_183' title='bbox 725 1650 777 1690; x_wconf 86' lang='lat' dir='ltr'><strong>de</strong></span> <span class='ocrx_word' id='word_1_184' title='bbox 811 1651 1037 1690; x_wconf 74' lang='lat' dir='ltr'><strong>Trsnawiz</strong></span> <span class='ocrx_word' id='word_1_185' title='bbox 1079 1653 1117 1689; x_wconf 86' lang='lat' dir='ltr'><strong>et</strong></span> <span class='ocrx_word' id='word_1_186' title='bbox 1147 1650 1198 1689; x_wconf 85' lang='lat' dir='ltr'><strong>de</strong></span> <span class='ocrx_word' id='word_1_187' title='bbox 1232 1650 1340 1690; x_wconf 75' lang='lat' dir='ltr'><strong>Ozla</strong></span> <span class='ocrx_word' id='word_1_188' title='bbox 1373 1649 1481 1689; x_wconf 82' lang='lat' dir='ltr'><strong>dicte</strong></span> <span class='ocrx_word' id='word_1_189' title='bbox 1512 1649 1718 1689; x_wconf 83' lang='lat' dir='ltr'><strong>abbatisse</strong></span> <span class='ocrx_word' id='word_1_190' title='bbox 1749 1650 1962 1701; x_wconf 75' lang='lat' dir='ltr'><strong>nostrique</strong></span> 
     </span>
     <span class='ocr_line' id='line_1_23' title="bbox 97 1718 1958 1771; baseline -0.001 -12"><span class='ocrx_word' id='word_1_191' title='bbox 97 1722 326 1759; x_wconf 83' lang='lat' dir='ltr'><strong>conuentus</strong></span> <span class='ocrx_word' id='word_1_192' title='bbox 359 1722 500 1758; x_wconf 85' lang='lat' dir='ltr'><strong>tenore</strong></span> <span class='ocrx_word' id='word_1_193' title='bbox 529 1720 796 1771; x_wconf 84' lang='lat' dir='ltr'><strong>presencium</strong></span> <span class='ocrx_word' id='word_1_194' title='bbox 817 1722 1112 1771; x_wconf 84' lang='lat' dir='ltr'><strong>protestamur,</strong></span> <span class='ocrx_word' id='word_1_195' title='bbox 1146 1718 1269 1770; x_wconf 82' lang='lat' dir='ltr'><strong>quod,</strong></span> <span class='ocrx_word' id='word_1_196' title='bbox 1294 1731 1387 1758; x_wconf 85' lang='lat' dir='ltr'><strong>cum</strong></span> <span class='ocrx_word' id='word_1_197' title='bbox 1421 1720 1526 1758; x_wconf 83' lang='lat' dir='ltr'><strong>inter</strong></span> <span class='ocrx_word' id='word_1_198' title='bbox 1555 1719 1758 1758; x_wconf 83' lang='lat' dir='ltr'><strong>ecclesias</strong></span> <span class='ocrx_word' id='word_1_199' title='bbox 1790 1721 1958 1757; x_wconf 81' lang='lat' dir='ltr'><strong>nostras</strong></span> 
     </span>
     <span class='ocr_line' id='line_1_24' title="bbox 98 1787 1960 1839; baseline -0.001 -12"><span class='ocrx_word' id='word_1_200' title='bbox 98 1789 235 1827; x_wconf 82' lang='lat' dir='ltr'><strong>sancti</strong></span> <span class='ocrx_word' id='word_1_201' title='bbox 266 1788 383 1828; x_wconf 92' lang='lat' dir='ltr'><strong>Petri</strong></span> <span class='ocrx_word' id='word_1_202' title='bbox 415 1791 454 1827; x_wconf 85' lang='lat' dir='ltr'><strong>et</strong></span> <span class='ocrx_word' id='word_1_203' title='bbox 482 1789 618 1827; x_wconf 80' lang='lat' dir='ltr'><strong>saneti</strong></span> <span class='ocrx_word' id='word_1_204' title='bbox 651 1788 794 1827; x_wconf 85' lang='lat' dir='ltr'><strong>lacobi</strong></span> <span class='ocrx_word' id='word_1_205' title='bbox 828 1790 1000 1828; x_wconf 90' lang='lat' dir='ltr'><strong>Brunne</strong></span> <span class='ocrx_word' id='word_1_206' title='bbox 1040 1791 1288 1839; x_wconf 82' lang='lat' dir='ltr'><strong>nostrosque</strong></span> <span class='ocrx_word' id='word_1_207' title='bbox 1328 1787 1571 1839; x_wconf 76' lang='lat' dir='ltr'><strong>capellanos</strong></span> <span class='ocrx_word' id='word_1_208' title='bbox 1603 1800 1731 1839; x_wconf 84' lang='lat' dir='ltr'><strong>super</strong></span> <span class='ocrx_word' id='word_1_209' title='bbox 1764 1787 1960 1827; x_wconf 80' lang='lat' dir='ltr'><strong>limitibus</strong></span> 
     </span>
     <span class='ocr_line' id='line_1_25' title="bbox 98 1855 1960 1908; baseline -0.002 -11"><span class='ocrx_word' id='word_1_210' title='bbox 98 1856 328 1897; x_wconf 82' lang='lat' dir='ltr'><strong>earundem</strong></span> <span class='ocrx_word' id='word_1_211' title='bbox 375 1857 533 1908; x_wconf 82' lang='lat' dir='ltr'><strong>questio</strong></span> <span class='ocrx_word' id='word_1_212' title='bbox 578 1857 833 1907; x_wconf 82' lang='lat' dir='ltr'><strong>uolueretur,</strong></span> <span class='ocrx_word' id='word_1_213' title='bbox 882 1856 1075 1896; x_wconf 81' lang='lat' dir='ltr'><strong>dominus</strong></span> <span class='ocrx_word' id='word_1_214' title='bbox 1126 1856 1218 1907; x_wconf 60' lang='lat' dir='ltr'><strong>Th„</strong></span> <span class='ocrx_word' id='word_1_215' title='bbox 1267 1855 1334 1894; x_wconf 83' lang='lat' dir='ltr'><strong>dei</strong></span> <span class='ocrx_word' id='word_1_216' title='bbox 1384 1857 1535 1907; x_wconf 58' lang='lat' dir='ltr'><strong>‚qtae-ia</strong></span> <span class='ocrx_word' id='word_1_217' title='bbox 1583 1856 1806 1908; x_wconf 85' lang='lat' dir='ltr'><strong>episcopus</strong></span> <span class='ocrx_word' id='word_1_218' title='bbox 1855 1856 1960 1896; x_wconf 87' lang='lat' dir='ltr'><strong>Olo-</strong></span> 
     </span>
     <span class='ocr_line' id='line_1_26' title="bbox 100 1923 1958 1977; baseline -0.002 -11"><span class='ocrx_word' id='word_1_219' title='bbox 100 1927 328 1977; x_wconf 82' lang='lat' dir='ltr'><strong>mucensis,</strong></span> <span class='ocrx_word' id='word_1_220' title='bbox 368 1925 542 1965; x_wconf 86' lang='lat' dir='ltr'><strong>eandem</strong></span> <span class='ocrx_word' id='word_1_221' title='bbox 583 1937 756 1964; x_wconf 87' lang='lat' dir='ltr'><strong>causam</strong></span> <span class='ocrx_word' id='word_1_222' title='bbox 795 1938 853 1964; x_wconf 72' lang='lat' dir='ltr'><strong>ea:</strong></span> <span class='ocrx_word' id='word_1_223' title='bbox 891 1926 1095 1977; x_wconf 74' lang='lat' dir='ltr'><strong>peticione</strong></span> <span class='ocrx_word' id='word_1_224' title='bbox 1131 1925 1324 1976; x_wconf 81' lang='lat' dir='ltr'><strong>parcium</strong></span> <span class='ocrx_word' id='word_1_225' title='bbox 1373 1923 1606 1963; x_wconf 80' lang='lat' dir='ltr'><strong>reuerendo</strong></span> <span class='ocrx_word' id='word_1_226' title='bbox 1647 1926 1761 1976; x_wconf 86' lang='lat' dir='ltr'><strong>patri</strong></span> <span class='ocrx_word' id='word_1_227' title='bbox 1801 1927 1958 1975; x_wconf 77' lang='lat' dir='ltr'><strong>nostro,</strong></span> 
     </span>
     <span class='ocr_line' id='line_1_27' title="bbox 99 1992 1961 2044; baseline -0.002 -10"><span class='ocrx_word' id='word_1_228' title='bbox 99 1993 269 2034; x_wconf 85' lang='lat' dir='ltr'><strong>domino</strong></span> <span class='ocrx_word' id='word_1_229' title='bbox 317 1993 562 2044; x_wconf 73' lang='lat' dir='ltr'><strong>Ohvnrado,</strong></span> <span class='ocrx_word' id='word_1_230' title='bbox 609 1993 745 2033; x_wconf 87' lang='lat' dir='ltr'><strong>abbati</strong></span> <span class='ocrx_word' id='word_1_231' title='bbox 792 1993 844 2032; x_wconf 84' lang='lat' dir='ltr'><strong>de</strong></span> <span class='ocrx_word' id='word_1_232' title='bbox 899 1993 1123 2043; x_wconf 72' lang='lat' dir='ltr'><strong>l‘Veteqrat‚</strong></span> <span class='ocrx_word' id='word_1_233' title='bbox 1167 1993 1375 2031; x_wconf 81' lang='lat' dir='ltr'><strong>commisit</strong></span> <span class='ocrx_word' id='word_1_234' title='bbox 1415 1992 1598 2044; x_wconf 82' lang='lat' dir='ltr'><strong>finaliter</strong></span> <span class='ocrx_word' id='word_1_235' title='bbox 1642 1992 1961 2032; x_wconf 79' lang='lat' dir='ltr'><strong>terminandam.</strong></span> 
     </span>
     <span class='ocr_line' id='line_1_28' title="bbox 99 2061 1960 2114; baseline -0.001 -12"><span class='ocrx_word' id='word_1_236' title='bbox 99 2062 190 2103; x_wconf 82' lang='lat' dir='ltr'><strong>Nos</strong></span> <span class='ocrx_word' id='word_1_237' title='bbox 237 2063 366 2113; x_wconf 74' lang='lat' dir='ltr'><strong>iyitur</strong></span> <span class='ocrx_word' id='word_1_238' title='bbox 413 2061 565 2101; x_wconf 84' lang='lat' dir='ltr'><strong>librata</strong></span> <span class='ocrx_word' id='word_1_239' title='bbox 613 2063 778 2112; x_wconf 73' lang='lat' dir='ltr'><strong>neyoeii</strong></span> <span class='ocrx_word' id='word_1_240' title='bbox 827 2063 1022 2113; x_wconf 78' lang='lat' dir='ltr'><strong>qualitate</strong></span> <span class='ocrx_word' id='word_1_241' title='bbox 1061 2061 1146 2114; x_wconf 75' lang='lat' dir='ltr'><strong>sicle</strong></span> <span class='ocrx_word' id='word_1_242' title='bbox 1189 2063 1455 2114; x_wconf 82' lang='lat' dir='ltr'><strong>presencium</strong></span> <span class='ocrx_word' id='word_1_243' title='bbox 1501 2062 1790 2113; x_wconf 71' lang='lat' dir='ltr'><strong>promittimus,</strong></span> <span class='ocrx_word' id='word_1_244' title='bbox 1838 2061 1960 2113; x_wconf 82' lang='lat' dir='ltr'><strong>quod,</strong></span> 
     </span>
     <span class='ocr_line' id='line_1_29' title="bbox 99 2129 1959 2183; baseline -0.001 -13"><span class='ocrx_word' id='word_1_245' title='bbox 99 2130 298 2183; x_wconf 80' lang='lat' dir='ltr'><strong>quicquid</strong></span> <span class='ocrx_word' id='word_1_246' title='bbox 331 2143 409 2183; x_wconf 84' lang='lat' dir='ltr'><strong>per</strong></span> <span class='ocrx_word' id='word_1_247' title='bbox 441 2130 693 2170; x_wconf 81' lang='lat' dir='ltr'><strong>antedictum</strong></span> <span class='ocrx_word' id='word_1_248' title='bbox 733 2130 930 2181; x_wconf 80' lang='lat' dir='ltr'><strong>abbatem,</strong></span> <span class='ocrx_word' id='word_1_249' title='bbox 971 2131 1181 2169; x_wconf 83' lang='lat' dir='ltr'><strong>dominum</strong></span> <span class='ocrx_word' id='word_1_250' title='bbox 1227 2129 1576 2181; x_wconf 67' lang='lat' dir='ltr'><strong>Cli.(rn¹·aclum),</strong></span> <span class='ocrx_word' id='word_1_251' title='bbox 1619 2130 1662 2168; x_wconf 87' lang='lat' dir='ltr'><strong>in</strong></span> <span class='ocrx_word' id='word_1_252' title='bbox 1701 2130 1795 2181; x_wconf 83' lang='lat' dir='ltr'><strong>ipsa</strong></span> <span class='ocrx_word' id='word_1_253' title='bbox 1828 2142 1959 2169; x_wconf 81' lang='lat' dir='ltr'><strong>eausa</strong></span> 
     </span>
     <span class='ocr_line' id='line_1_30' title="bbox 99 2198 1961 2251; baseline -0.001 -12"><span class='ocrx_word' id='word_1_254' title='bbox 99 2201 334 2250; x_wconf 82' lang='lat' dir='ltr'><strong>tractatum,</strong></span> <span class='ocrx_word' id='word_1_255' title='bbox 364 2200 538 2251; x_wconf 85' lang='lat' dir='ltr'><strong>sactum,</strong></span> <span class='ocrx_word' id='word_1_256' title='bbox 566 2199 789 2250; x_wconf 78' lang='lat' dir='ltr'><strong>diffinitum</strong></span> <span class='ocrx_word' id='word_1_257' title='bbox 818 2200 962 2251; x_wconf 81' lang='lat' dir='ltr'><strong>fuerit,</strong></span> <span class='ocrx_word' id='word_1_258' title='bbox 984 2202 1151 2250; x_wconf 51' lang='lat' dir='ltr'><strong>‚aratum</strong></span> <span class='ocrx_word' id='word_1_259' title='bbox 1186 2202 1403 2250; x_wconf 78' lang='lat' dir='ltr'><strong>ratamque</strong></span> <span class='ocrx_word' id='word_1_260' title='bbox 1427 2198 1664 2249; x_wconf 79' lang='lat' dir='ltr'><strong>tenebimus,</strong></span> <span class='ocrx_word' id='word_1_261' title='bbox 1691 2201 1730 2237; x_wconf 87' lang='lat' dir='ltr'><strong>et</strong></span> <span class='ocrx_word' id='word_1_262' title='bbox 1755 2211 1780 2237; x_wconf 86' lang='lat' dir='ltr'><strong>a</strong></span> <span class='ocrx_word' id='word_1_263' title='bbox 1803 2200 1961 2237; x_wconf 71' lang='lat' dir='ltr'><strong>nostris</strong></span> 
     </span>
     <span class='ocr_line' id='line_1_31' title="bbox 99 2266 1961 2320; baseline -0.001 -13"><span class='ocrx_word' id='word_1_264' title='bbox 99 2268 333 2320; x_wconf 79' lang='lat' dir='ltr'><strong>capellanis</strong></span> <span class='ocrx_word' id='word_1_265' title='bbox 362 2268 571 2320; x_wconf 80' lang='lat' dir='ltr'><strong>faciemus</strong></span> <span class='ocrx_word' id='word_1_266' title='bbox 601 2268 777 2320; x_wconf 83' lang='lat' dir='ltr'><strong>firmiter</strong></span> <span class='ocrx_word' id='word_1_267' title='bbox 804 2267 1038 2319; x_wconf 82' lang='lat' dir='ltr'><strong>obseruari,</strong></span> <span class='ocrx_word' id='word_1_268' title='bbox 1072 2267 1130 2307; x_wconf 79' lang='lat' dir='ltr'><strong>ad</strong></span> <span class='ocrx_word' id='word_1_269' title='bbox 1153 2279 1366 2319; x_wconf 67' lang='lat' dir='ltr'><strong>ear-pensas</strong></span> <span class='ocrx_word' id='word_1_270' title='bbox 1389 2279 1465 2318; x_wconf 86' lang='lat' dir='ltr'><strong>per</strong></span> <span class='ocrx_word' id='word_1_271' title='bbox 1494 2266 1744 2306; x_wconf 83' lang='lat' dir='ltr'><strong>antedictum</strong></span> <span class='ocrx_word' id='word_1_272' title='bbox 1777 2266 1961 2306; x_wconf 81' lang='lat' dir='ltr'><strong>abbatem</strong></span> 
     </span>
     <span class='ocr_line' id='line_1_32' title="bbox 98 2335 1958 2389; baseline -0.001 -14"><span class='ocrx_word' id='word_1_273' title='bbox 98 2346 281 2387; x_wconf 77' lang='lat' dir='ltr'><strong>suosque</strong></span> <span class='ocrx_word' id='word_1_274' title='bbox 312 2336 498 2387; x_wconf 72' lang='lat' dir='ltr'><strong>cotteqas</strong></span> <span class='ocrx_word' id='word_1_275' title='bbox 537 2337 581 2375; x_wconf 89' lang='lat' dir='ltr'><strong>in</strong></span> <span class='ocrx_word' id='word_1_276' title='bbox 613 2335 694 2375; x_wconf 79' lang='lat' dir='ltr'><strong>boe</strong></span> <span class='ocrx_word' id='word_1_277' title='bbox 731 2337 906 2387; x_wconf 69' lang='lat' dir='ltr'><strong>neqocio</strong></span> <span class='ocrx_word' id='word_1_278' title='bbox 936 2336 1161 2389; x_wconf 79' lang='lat' dir='ltr'><strong>faciendas</strong></span> <span class='ocrx_word' id='word_1_279' title='bbox 1191 2336 1508 2387; x_wconf 85' lang='lat' dir='ltr'><strong>prenominatas</strong></span> <span class='ocrx_word' id='word_1_280' title='bbox 1550 2336 1756 2375; x_wconf 80' lang='lat' dir='ltr'><strong>ecclesias</strong></span> <span class='ocrx_word' id='word_1_281' title='bbox 1789 2338 1958 2374; x_wconf 81' lang='lat' dir='ltr'><strong>nostras</strong></span> 
     </span>
     <span class='ocr_line' id='line_1_33' title="bbox 97 2403 1956 2456; baseline 0 -15"><span class='ocrx_word' id='word_1_282' title='bbox 97 2404 197 2456; x_wconf 84' lang='lat' dir='ltr'><strong>pari</strong></span> <span class='ocrx_word' id='word_1_283' title='bbox 228 2407 340 2443; x_wconf 86' lang='lat' dir='ltr'><strong>sorte</strong></span> <span class='ocrx_word' id='word_1_284' title='bbox 371 2405 571 2444; x_wconf 84' lang='lat' dir='ltr'><strong>alacriter</strong></span> <span class='ocrx_word' id='word_1_285' title='bbox 605 2404 849 2455; x_wconf 71' lang='lat' dir='ltr'><strong>obtiqantes.</strong></span> <span class='ocrx_word' id='word_1_286' title='bbox 916 2406 1072 2445; x_wconf 84' lang='lat' dir='ltr'><strong>Datum</strong></span> <span class='ocrx_word' id='word_1_287' title='bbox 1105 2416 1216 2444; x_wconf 87' lang='lat' dir='ltr'><strong>anno</strong></span> <span class='ocrx_word' id='word_1_288' title='bbox 1249 2404 1407 2443; x_wconf 86' lang='lat' dir='ltr'><strong>domini</strong></span> <span class='ocrx_word' id='word_1_289' title='bbox 1440 2405 1500 2444; x_wconf 84' lang='lat' dir='ltr'><strong>M.</strong></span> <span class='ocrx_word' id='word_1_290' title='bbox 1530 2403 1616 2445; x_wconf 79' lang='lat' dir='ltr'><strong>CC.</strong></span> <span class='ocrx_word' id='word_1_291' title='bbox 1646 2403 1956 2444; x_wconf 66' lang='lat' dir='ltr'><em>LXXXXJIJ.</em></span> 
     </span>
     <span class='ocr_line' id='line_1_34' title="bbox 99 2471 1960 2526; baseline 0 -15"><span class='ocrx_word' id='word_1_292' title='bbox 99 2471 206 2511; x_wconf 91' lang='lat' dir='ltr'><em>XII.</em></span> <span class='ocrx_word' id='word_1_293' title='bbox 239 2472 462 2512; x_wconf 79' lang='lat' dir='ltr'><strong>Kalendas</strong></span> <span class='ocrx_word' id='word_1_294' title='bbox 496 2473 606 2512; x_wconf 77' lang='lat' dir='ltr'><strong>Irlii.</strong></span> <span class='ocrx_word' id='word_1_295' title='bbox 660 2474 868 2513; x_wconf 83' lang='lat' dir='ltr'><strong>Rectores</strong></span> <span class='ocrx_word' id='word_1_296' title='bbox 903 2475 1034 2513; x_wconf 86' lang='lat' dir='ltr'><strong>eciam</strong></span> <span class='ocrx_word' id='word_1_297' title='bbox 1069 2473 1347 2524; x_wconf 87' lang='lat' dir='ltr'><strong>predictarum</strong></span> <span class='ocrx_word' id='word_1_298' title='bbox 1382 2473 1670 2526; x_wconf 70' lang='lat' dir='ltr'><strong>ecclesiarum,</strong></span> <span class='ocrx_word' id='word_1_299' title='bbox 1704 2471 1884 2511; x_wconf 85' lang='lat' dir='ltr'><strong>lacobus</strong></span> <span class='ocrx_word' id='word_1_300' title='bbox 1919 2476 1960 2511; x_wconf 89' lang='lat' dir='ltr'><strong>et</strong></span> 
     </span>
     <span class='ocr_line' id='line_1_35' title="bbox 96 2539 1957 2595; baseline -0.001 -15"><span class='ocrx_word' id='word_1_301' title='bbox 96 2539 406 2595; x_wconf 78' lang='lat' dir='ltr'><strong>Theoderich</strong></span> <span class='ocrx_word' id='word_1_302' title='bbox 441 2544 479 2581; x_wconf 88' lang='lat' dir='ltr'><strong>in</strong></span> <span class='ocrx_word' id='word_1_303' title='bbox 512 2542 788 2594; x_wconf 77' lang='lat' dir='ltr'><strong>subscr1ptam</strong></span> <span class='ocrx_word' id='word_1_304' title='bbox 822 2543 1199 2593; x_wconf 80' lang='lat' dir='ltr'><strong>compromissionis</strong></span> <span class='ocrx_word' id='word_1_305' title='bbox 1233 2540 1400 2581; x_wconf 85' lang='lat' dir='ltr'><strong>sormam</strong></span> <span class='ocrx_word' id='word_1_306' title='bbox 1427 2544 1567 2582; x_wconf 82' lang='lat' dir='ltr'><strong>votiue</strong></span> <span class='ocrx_word' id='word_1_307' title='bbox 1602 2554 1652 2581; x_wconf 83' lang='lat' dir='ltr'><strong>ac</strong></span> <span class='ocrx_word' id='word_1_308' title='bbox 1687 2542 1818 2580; x_wconf 84' lang='lat' dir='ltr'><strong>libere</strong></span> <span class='ocrx_word' id='word_1_309' title='bbox 1852 2551 1957 2579; x_wconf 89' lang='lat' dir='ltr'><strong>con-</strong></span> 
     </span>
     <span class='ocr_line' id='line_1_36' title="bbox 100 2610 1958 2663; baseline -0.001 -15"><span class='ocrx_word' id='word_1_310' title='bbox 100 2614 319 2650; x_wconf 82' lang='lat' dir='ltr'><strong>uenerunt.</strong></span> <span class='ocrx_word' id='word_1_311' title='bbox 384 2611 474 2651; x_wconf 76' lang='lat' dir='ltr'><strong>Nos</strong></span> <span class='ocrx_word' id='word_1_312' title='bbox 504 2611 665 2663; x_wconf 78' lang='lat' dir='ltr'><strong>fratres</strong></span> <span class='ocrx_word' id='word_1_313' title='bbox 702 2610 892 2662; x_wconf 83' lang='lat' dir='ltr'><strong>lacobus,</strong></span> <span class='ocrx_word' id='word_1_314' title='bbox 926 2615 1063 2650; x_wconf 83' lang='lat' dir='ltr'><strong>rector</strong></span> <span class='ocrx_word' id='word_1_315' title='bbox 1101 2615 1138 2651; x_wconf 85' lang='lat' dir='ltr'><strong>et</strong></span> <span class='ocrx_word' id='word_1_316' title='bbox 1167 2611 1406 2663; x_wconf 73' lang='lat' dir='ltr'><strong>prepositus</strong></span> <span class='ocrx_word' id='word_1_317' title='bbox 1447 2612 1622 2650; x_wconf 72' lang='lat' dir='ltr'><strong>ecclesie</strong></span> <span class='ocrx_word' id='word_1_318' title='bbox 1654 2611 1789 2649; x_wconf 72' lang='lat' dir='ltr'><strong>sanc-ti</strong></span> <span class='ocrx_word' id='word_1_319' title='bbox 1825 2610 1958 2660; x_wconf 81' lang='lat' dir='ltr'><strong>Petri,</strong></span> 
     </span>
    </p>
   </div>
  </div>
 </body>
</html>
