<?xml version="1.0" encoding="UTF-8"?>
<!DOCTYPE html PUBLIC "-//W3C//DTD XHTML 1.0 Transitional//EN"
    "http://www.w3.org/TR/xhtml1/DTD/xhtml1-transitional.dtd">
<html xmlns="http://www.w3.org/1999/xhtml" xml:lang="en" lang="en">
 <head>
  <title>
</title>
<meta http-equiv="Content-Type" content="text/html;charset=utf-8" />
  <meta name='ocr-system' content='tesseract 3.04.00' />
  <meta name='ocr-capabilities' content='ocr_page ocr_carea ocr_par ocr_line ocrx_word'/>
</head>
<body>
  <div class='ocr_page' id='page_1' title='image "./codexdiplomaticu04morauoft/codexdiplomaticu04morauoft_0218.png"; bbox 0 0 2138 2845; ppageno 0'>
   <div class='ocr_carea' id='block_1_1' title="bbox 1020 209 1121 250">
    <p class='ocr_par' dir='ltr' id='par_1_1' title="bbox 1020 209 1121 250">
     <span class='ocr_line' id='line_1_1' title="bbox 1020 209 1121 250; baseline 0.01 -1"><span class='ocrx_word' id='word_1_1' title='bbox 1020 209 1121 250; x_wconf 81' lang='lat'>¹88</span> 
     </span>
    </p>
   </div>
   <div class='ocr_carea' id='block_1_2' title="bbox 137 349 1999 533">
    <p class='ocr_par' dir='ltr' id='par_1_2' title="bbox 137 349 1999 533">
     <span class='ocr_line' id='line_1_2' title="bbox 138 349 1997 405; baseline 0.001 -11"><span class='ocrx_word' id='word_1_2' title='bbox 138 360 235 395; x_wconf 84' lang='lat' dir='ltr'>ante</span> <span class='ocrx_word' id='word_1_3' title='bbox 269 352 416 393; x_wconf 86' lang='lat' dir='ltr'>festum</span> <span class='ocrx_word' id='word_1_4' title='bbox 449 354 562 393; x_wconf 89' lang='lat' dir='ltr'>beati</span> <span class='ocrx_word' id='word_1_5' title='bbox 589 353 762 393; x_wconf 85' lang='lat' dir='ltr'>Martini</span> <span class='ocrx_word' id='word_1_6' title='bbox 794 364 876 392; x_wconf 90' lang='lat' dir='ltr'>uno</span> <span class='ocrx_word' id='word_1_7' title='bbox 902 350 984 405; x_wconf 75' lang='lat' dir='ltr'>die⁷</span> <span class='ocrx_word' id='word_1_8' title='bbox 1009 350 1078 391; x_wconf 85' lang='lat' dir='ltr'>vel</span> <span class='ocrx_word' id='word_1_9' title='bbox 1108 351 1147 390; x_wconf 89' lang='lat' dir='ltr'>in</span> <span class='ocrx_word' id='word_1_10' title='bbox 1182 351 1272 402; x_wconf 88' lang='lat' dir='ltr'>ipso</span> <span class='ocrx_word' id='word_1_11' title='bbox 1297 349 1364 389; x_wconf 87' lang='lat' dir='ltr'>die</span> <span class='ocrx_word' id='word_1_12' title='bbox 1396 350 1509 390; x_wconf 86' lang='lat' dir='ltr'>beati</span> <span class='ocrx_word' id='word_1_13' title='bbox 1535 352 1706 393; x_wconf 85' lang='lat' dir='ltr'>Martini</span> <span class='ocrx_word' id='word_1_14' title='bbox 1739 353 1997 395; x_wconf 86' lang='lat' dir='ltr'>confessoris</span> 
     </span>
     <span class='ocr_line' id='line_1_3' title="bbox 138 419 1998 476; baseline 0.001 -14"><span class='ocrx_word' id='word_1_15' title='bbox 138 425 178 463; x_wconf 90' lang='lat' dir='ltr'>in</span> <span class='ocrx_word' id='word_1_16' title='bbox 212 434 368 462; x_wconf 88' lang='lat' dir='ltr'>omnem</span> <span class='ocrx_word' id='word_1_17' title='bbox 402 427 594 461; x_wconf 88' lang='lat' dir='ltr'>euentum</span> <span class='ocrx_word' id='word_1_18' title='bbox 628 422 898 476; x_wconf 77' lang='lat' dir='ltr'>integraliter</span> <span class='ocrx_word' id='word_1_19' title='bbox 929 421 1022 460; x_wconf 91' lang='lat' dir='ltr'>sine</span> <span class='ocrx_word' id='word_1_20' title='bbox 1062 420 1167 460; x_wconf 88' lang='lat' dir='ltr'>omni</span> <span class='ocrx_word' id='word_1_21' title='bbox 1201 419 1531 459; x_wconf 80' lang='lat' dir='ltr'>contradictione</span> <span class='ocrx_word' id='word_1_22' title='bbox 1570 421 1824 471; x_wconf 85' lang='lat' dir='ltr'>persoluant.</span> <span class='ocrx_word' id='word_1_23' title='bbox 1886 424 1998 463; x_wconf 89' lang='lat' dir='ltr'>Acta</span> 
     </span>
     <span class='ocr_line' id='line_1_4' title="bbox 137 487 1999 533; baseline 0 -2"><span class='ocrx_word' id='word_1_24' title='bbox 137 497 233 532; x_wconf 89' lang='lat' dir='ltr'>sunt</span> <span class='ocrx_word' id='word_1_25' title='bbox 262 492 342 532; x_wconf 93' lang='lat' dir='ltr'>hec</span> <span class='ocrx_word' id='word_1_26' title='bbox 368 495 477 532; x_wconf 91' lang='lat' dir='ltr'>anno</span> <span class='ocrx_word' id='word_1_27' title='bbox 502 491 649 530; x_wconf 87' lang='lat' dir='ltr'>domini</span> <span class='ocrx_word' id='word_1_28' title='bbox 666 489 1025 532; x_wconf 78' lang='lat' dir='ltr'>MCCLXXVII.</span> <span class='ocrx_word' id='word_1_29' title='bbox 1069 489 1218 528; x_wconf 89' lang='lat' dir='ltr'>Datum</span> <span class='ocrx_word' id='word_1_30' title='bbox 1242 490 1283 528; x_wconf 90' lang='lat' dir='ltr'>in</span> <span class='ocrx_word' id='word_1_31' title='bbox 1311 487 1500 530; x_wconf 85' lang='lat' dir='ltr'>Cremsir</span> <span class='ocrx_word' id='word_1_32' title='bbox 1526 489 1603 529; x_wconf 91' lang='lat'><em>111.</em></span> <span class='ocrx_word' id='word_1_33' title='bbox 1628 489 1776 530; x_wconf 89' lang='lat' dir='ltr'>Nonas</span> <span class='ocrx_word' id='word_1_34' title='bbox 1801 492 1999 533; x_wconf 82' lang='lat' dir='ltr'>Ianuarii.</span> 
     </span>
    </p>
   </div>
   <div class='ocr_carea' id='block_1_3' title="bbox 449 586 1308 630">
    <p class='ocr_par' dir='ltr' id='par_1_3' title="bbox 449 586 1308 630">
     <span class='ocr_line' id='line_1_5' title="bbox 449 586 1308 630; baseline -0.002 -8"><span class='ocrx_word' id='word_1_35' title='bbox 449 590 479 622; x_wconf 90' lang='lat' dir='ltr'><strong>E</strong></span> <span class='ocrx_word' id='word_1_36' title='bbox 503 589 650 622; x_wconf 82' lang='lat' dir='ltr'>codice</span> <span class='ocrx_word' id='word_1_37' title='bbox 675 588 936 622; x_wconf 76' lang='lat' dir='ltr'>olomucensi</span> <span class='ocrx_word' id='word_1_38' title='bbox 961 589 986 620; x_wconf 88' lang='grc' dir='ltr'>Ι.</span> <span class='ocrx_word' id='word_1_39' title='bbox 1011 588 1117 620; x_wconf 86' lang='lat' dir='ltr'>chart.</span> <span class='ocrx_word' id='word_1_40' title='bbox 1141 596 1221 630; x_wconf 85' lang='lat' dir='ltr'><strong>pag.</strong></span> <span class='ocrx_word' id='word_1_41' title='bbox 1245 586 1308 620; x_wconf 92' lang='grc'>70.</span> 
     </span>
    </p>
   </div>
   <div class='ocr_carea' id='block_1_4' title="bbox 935 753 1205 796">
    <p class='ocr_par' dir='ltr' id='par_1_4' title="bbox 935 753 1205 796">
     <span class='ocr_line' id='line_1_6' title="bbox 935 753 1205 796; baseline -0.015 0"><span class='ocrx_word' id='word_1_42' title='bbox 935 753 1205 796; x_wconf 83' lang='lat' dir='ltr'>CXXXVII.</span> 
     </span>
    </p>
   </div>
   <div class='ocr_carea' id='block_1_5' title="bbox 139 857 2002 979">
    <p class='ocr_par' dir='ltr' id='par_1_5' title="bbox 139 857 2002 979">
     <span class='ocr_line' id='line_1_7' title="bbox 139 857 2002 910; baseline -0.001 -12"><span class='ocrx_word' id='word_1_43' title='bbox 139 858 374 909; x_wconf 47' lang='lat' dir='ltr'>Olalcarus)</span> <span class='ocrx_word' id='word_1_44' title='bbox 414 870 498 897; x_wconf 68' lang='lat' dir='ltr'>rex</span> <span class='ocrx_word' id='word_1_45' title='bbox 538 858 744 897; x_wconf 67' lang='lat' dir='ltr'>Boiimiae</span> <span class='ocrx_word' id='word_1_46' title='bbox 785 860 823 896; x_wconf 80' lang='lat' dir='ltr'>et</span> <span class='ocrx_word' id='word_1_47' title='bbox 859 857 1051 897; x_wconf 77' lang='lat' dir='ltr'>marchio</span> <span class='ocrx_word' id='word_1_48' title='bbox 1092 858 1339 908; x_wconf 66' lang='lat' dir='ltr'>Moraviae,</span> <span class='ocrx_word' id='word_1_49' title='bbox 1385 858 1540 897; x_wconf 79' lang='lat' dir='ltr'>civitati</span> <span class='ocrx_word' id='word_1_50' title='bbox 1580 858 1812 910; x_wconf 57' lang='lat' dir='ltr'>opat-tensi</span> <span class='ocrx_word' id='word_1_51' title='bbox 1851 858 2002 897; x_wconf 78' lang='lat' dir='ltr'>silvam</span> 
     </span>
     <span class='ocr_line' id='line_1_8' title="bbox 216 925 1910 979; baseline 0 -13"><span class='ocrx_word' id='word_1_52' title='bbox 216 928 350 979; x_wconf 68' lang='lat' dir='ltr'>juoela</span> <span class='ocrx_word' id='word_1_53' title='bbox 383 927 563 979; x_wconf 58' lang='lat' dir='ltr'>Kf2110w</span> <span class='ocrx_word' id='word_1_54' title='bbox 597 926 798 967; x_wconf 71' lang='lat' dir='ltr'>concedit.</span> <span class='ocrx_word' id='word_1_55' title='bbox 862 927 935 966; x_wconf 83' lang='lat' dir='ltr'>Dc.</span> <span class='ocrx_word' id='word_1_56' title='bbox 968 927 1159 976; x_wconf 78' lang='lat' dir='ltr'>Brunae,</span> <span class='ocrx_word' id='word_1_57' title='bbox 1193 925 1300 965; x_wconf 88' lang='grc' dir='ltr'><strong><em>ΧΙΙ.</em></strong></span> <span class='ocrx_word' id='word_1_58' title='bbox 1334 926 1561 965; x_wconf 76' lang='lat' dir='ltr'>Kalendas</span> <span class='ocrx_word' id='word_1_59' title='bbox 1593 928 1717 979; x_wconf 77' lang='lat' dir='ltr'>Jlaji,</span> <span class='ocrx_word' id='word_1_60' title='bbox 1758 926 1910 968; x_wconf 80' lang='grc'><strong>1277.</strong></span> 
     </span>
    </p>
   </div>
   <div class='ocr_carea' id='block_1_6' title="bbox 138 1019 2006 1845">
    <p class='ocr_par' dir='ltr' id='par_1_6' title="bbox 138 1019 2006 1845">
     <span class='ocr_line' id='line_1_9' title="bbox 278 1019 2003 1091; baseline -0.001 -11"><span class='ocrx_word' id='word_1_61' title='bbox 278 1019 392 1080; x_wconf 77' lang='lat' dir='ltr'>Nos</span> <span class='ocrx_word' id='word_1_62' title='bbox 413 1037 625 1078; x_wconf 87' lang='lat' dir='ltr'>Otakarus</span> <span class='ocrx_word' id='word_1_63' title='bbox 651 1037 715 1077; x_wconf 93' lang='lat' dir='ltr'>dei</span> <span class='ocrx_word' id='word_1_64' title='bbox 736 1038 879 1091; x_wconf 85' lang='lat' dir='ltr'>gratia</span> <span class='ocrx_word' id='word_1_65' title='bbox 904 1038 1115 1089; x_wconf 89' lang='lat' dir='ltr'>presentis</span> <span class='ocrx_word' id='word_1_66' title='bbox 1140 1041 1287 1076; x_wconf 88' lang='lat' dir='ltr'>tenore</span> <span class='ocrx_word' id='word_1_67' title='bbox 1307 1036 1519 1091; x_wconf 90' lang='lat' dir='ltr'>priuilegii</span> <span class='ocrx_word' id='word_1_68' title='bbox 1545 1041 1681 1076; x_wconf 91' lang='lat' dir='ltr'>notum</span> <span class='ocrx_word' id='word_1_69' title='bbox 1709 1035 1796 1076; x_wconf 83' lang='lat' dir='ltr'>fieri</span> <span class='ocrx_word' id='word_1_70' title='bbox 1814 1038 2003 1078; x_wconf 90' lang='lat' dir='ltr'>volumus</span> 
     </span>
     <span class='ocr_line' id='line_1_10' title="bbox 138 1103 2004 1159; baseline 0 -13"><span class='ocrx_word' id='word_1_71' title='bbox 138 1108 348 1146; x_wconf 88' lang='lat' dir='ltr'>uniuersis</span> <span class='ocrx_word' id='word_1_72' title='bbox 391 1111 471 1146; x_wconf 84' lang='lat' dir='ltr'>tam</span> <span class='ocrx_word' id='word_1_73' title='bbox 506 1108 624 1146; x_wconf 88' lang='lat' dir='ltr'>istius</span> <span class='ocrx_word' id='word_1_74' title='bbox 665 1108 789 1146; x_wconf 85' lang='lat' dir='ltr'>etatis</span> <span class='ocrx_word' id='word_1_75' title='bbox 822 1106 1053 1145; x_wconf 87' lang='lat' dir='ltr'>hominibus</span> <span class='ocrx_word' id='word_1_76' title='bbox 1094 1117 1212 1156; x_wconf 86' lang='lat' dir='ltr'>quam</span> <span class='ocrx_word' id='word_1_77' title='bbox 1246 1103 1397 1159; x_wconf 78' lang='lat' dir='ltr'>future-⁷</span> <span class='ocrx_word' id='word_1_78' title='bbox 1431 1105 1537 1157; x_wconf 89' lang='lat' dir='ltr'>quod</span> <span class='ocrx_word' id='word_1_79' title='bbox 1572 1118 1648 1145; x_wconf 89' lang='lat' dir='ltr'>nos</span> <span class='ocrx_word' id='word_1_80' title='bbox 1681 1104 1928 1146; x_wconf 85' lang='lat' dir='ltr'>affectantes</span> <span class='ocrx_word' id='word_1_81' title='bbox 1959 1109 2004 1146; x_wconf 85' lang='lat' dir='ltr'>ut</span> 
     </span>
     <span class='ocr_line' id='line_1_11' title="bbox 139 1172 2005 1227; baseline 0.001 -13"><span class='ocrx_word' id='word_1_82' title='bbox 139 1176 288 1215; x_wconf 88' lang='lat' dir='ltr'>ciuitas</span> <span class='ocrx_word' id='word_1_83' title='bbox 322 1180 464 1214; x_wconf 87' lang='lat' dir='ltr'>nostra</span> <span class='ocrx_word' id='word_1_84' title='bbox 510 1175 678 1227; x_wconf 78' lang='lat' dir='ltr'>Opauia</span> <span class='ocrx_word' id='word_1_85' title='bbox 711 1175 763 1214; x_wconf 93' lang='lat' dir='ltr'>de</span> <span class='ocrx_word' id='word_1_86' title='bbox 797 1179 940 1214; x_wconf 87' lang='lat' dir='ltr'>nostre</span> <span class='ocrx_word' id='word_1_87' title='bbox 980 1172 1255 1213; x_wconf 85' lang='lat' dir='ltr'>munificentie</span> <span class='ocrx_word' id='word_1_88' title='bbox 1297 1175 1440 1227; x_wconf 88' lang='lat' dir='ltr'>gratia</span> <span class='ocrx_word' id='word_1_89' title='bbox 1473 1174 1769 1214; x_wconf 85' lang='lat' dir='ltr'>meliorationis</span> <span class='ocrx_word' id='word_1_90' title='bbox 1802 1175 2005 1226; x_wconf 85' lang='lat' dir='ltr'>suscipiat</span> 
     </span>
     <span class='ocr_line' id='line_1_12' title="bbox 140 1243 2004 1295; baseline -0.001 -12"><span class='ocrx_word' id='word_1_91' title='bbox 140 1245 398 1283; x_wconf 86' lang='lat' dir='ltr'>incrementa</span> <span class='ocrx_word' id='word_1_92' title='bbox 439 1244 601 1282; x_wconf 88' lang='lat' dir='ltr'>ciuibus</span> <span class='ocrx_word' id='word_1_93' title='bbox 641 1244 825 1283; x_wconf 90' lang='lat' dir='ltr'>eiusdem</span> <span class='ocrx_word' id='word_1_94' title='bbox 869 1244 1051 1283; x_wconf 88' lang='lat' dir='ltr'>ciuitatis</span> <span class='ocrx_word' id='word_1_95' title='bbox 1090 1243 1237 1281; x_wconf 86' lang='lat' dir='ltr'>siluam</span> <span class='ocrx_word' id='word_1_96' title='bbox 1275 1244 1394 1281; x_wconf 88' lang='lat' dir='ltr'>sitam</span> <span class='ocrx_word' id='word_1_97' title='bbox 1436 1243 1552 1282; x_wconf 85' lang='lat' dir='ltr'>iuxta</span> <span class='ocrx_word' id='word_1_98' title='bbox 1594 1243 1842 1295; x_wconf 78' lang='lat' dir='ltr'>Ksrippaw‚</span> <span class='ocrx_word' id='word_1_99' title='bbox 1883 1254 2004 1294; x_wconf 90' lang='lat' dir='ltr'>quam</span> 
     </span>
     <span class='ocr_line' id='line_1_13' title="bbox 141 1309 2005 1365; baseline 0.001 -15"><span class='ocrx_word' id='word_1_100' title='bbox 141 1312 244 1363; x_wconf 88' lang='lat' dir='ltr'>ipsis</span> <span class='ocrx_word' id='word_1_101' title='bbox 273 1313 362 1351; x_wconf 81' lang='lat' dir='ltr'>olim</span> <span class='ocrx_word' id='word_1_102' title='bbox 394 1312 716 1351; x_wconf 82' lang='lat' dir='ltr'>vendideramus</span> <span class='ocrx_word' id='word_1_103' title='bbox 740 1313 792 1350; x_wconf 87' lang='lat' dir='ltr'>ab</span> <span class='ocrx_word' id='word_1_104' title='bbox 818 1313 1000 1365; x_wconf 73' lang='lat' dir='ltr'>antiquo,</span> <span class='ocrx_word' id='word_1_105' title='bbox 1026 1311 1077 1350; x_wconf 89' lang='lat' dir='ltr'>ad</span> <span class='ocrx_word' id='word_1_106' title='bbox 1103 1309 1265 1362; x_wconf 85' lang='lat' dir='ltr'>prefate</span> <span class='ocrx_word' id='word_1_107' title='bbox 1285 1311 1466 1350; x_wconf 87' lang='lat' dir='ltr'>ciuitatis</span> <span class='ocrx_word' id='word_1_108' title='bbox 1493 1311 1655 1362; x_wconf 89' lang='lat' dir='ltr'>Opauie</span> <span class='ocrx_word' id='word_1_109' title='bbox 1680 1312 2005 1351; x_wconf 89' lang='lat' dir='ltr'>meliorationem</span> 
     </span>
     <span class='ocr_line' id='line_1_14' title="bbox 141 1379 2004 1432; baseline 0 -13"><span class='ocrx_word' id='word_1_110' title='bbox 141 1387 182 1420; x_wconf 92' lang='lat' dir='ltr'>et</span> <span class='ocrx_word' id='word_1_111' title='bbox 221 1380 471 1419; x_wconf 88' lang='lat' dir='ltr'>commodum</span> <span class='ocrx_word' id='word_1_112' title='bbox 512 1380 648 1419; x_wconf 89' lang='lat' dir='ltr'>denuo</span> <span class='ocrx_word' id='word_1_113' title='bbox 689 1380 970 1432; x_wconf 68' lang='lat' dir='ltr'>concedimus,</span> <span class='ocrx_word' id='word_1_114' title='bbox 1012 1380 1064 1418; x_wconf 85' lang='lat' dir='ltr'>ab</span> <span class='ocrx_word' id='word_1_115' title='bbox 1106 1380 1207 1430; x_wconf 87' lang='lat' dir='ltr'>ipsis</span> <span class='ocrx_word' id='word_1_116' title='bbox 1248 1379 1410 1418; x_wconf 89' lang='lat' dir='ltr'>ciuibus</span> <span class='ocrx_word' id='word_1_117' title='bbox 1451 1384 1653 1430; x_wconf 91' lang='lat' dir='ltr'>perpetuo</span> <span class='ocrx_word' id='word_1_118' title='bbox 1695 1380 2004 1430; x_wconf 84' lang='lat' dir='ltr'>possidendam.</span> 
     </span>
     <span class='ocr_line' id='line_1_15' title="bbox 141 1447 2005 1501; baseline 0.001 -14"><span class='ocrx_word' id='word_1_119' title='bbox 141 1448 362 1501; x_wconf 72' lang='lat' dir='ltr'>volentes,</span> <span class='ocrx_word' id='word_1_120' title='bbox 403 1452 445 1487; x_wconf 92' lang='lat' dir='ltr'>ut</span> <span class='ocrx_word' id='word_1_121' title='bbox 483 1448 603 1487; x_wconf 82' lang='lat' dir='ltr'>iidem</span> <span class='ocrx_word' id='word_1_122' title='bbox 644 1450 761 1487; x_wconf 91' lang='lat' dir='ltr'>ciues</span> <span class='ocrx_word' id='word_1_123' title='bbox 805 1460 855 1487; x_wconf 85' lang='lat' dir='ltr'>ac</span> <span class='ocrx_word' id='word_1_124' title='bbox 899 1448 1081 1487; x_wconf 90' lang='lat' dir='ltr'>heredes</span> <span class='ocrx_word' id='word_1_125' title='bbox 1129 1448 1323 1501; x_wconf 72' lang='lat' dir='ltr'>ipsorum,</span> <span class='ocrx_word' id='word_1_126' title='bbox 1365 1451 1407 1487; x_wconf 91' lang='lat' dir='ltr'>et</span> <span class='ocrx_word' id='word_1_127' title='bbox 1448 1447 1650 1499; x_wconf 86' lang='lat' dir='ltr'>deinceps</span> <span class='ocrx_word' id='word_1_128' title='bbox 1689 1449 1819 1499; x_wconf 89' lang='lat' dir='ltr'>ipsam</span> <span class='ocrx_word' id='word_1_129' title='bbox 1857 1449 2005 1488; x_wconf 86' lang='lat' dir='ltr'>siluam</span> 
     </span>
     <span class='ocr_line' id='line_1_16' title="bbox 141 1515 2005 1570; baseline 0.001 -14"><span class='ocrx_word' id='word_1_130' title='bbox 141 1520 314 1557; x_wconf 88' lang='lat' dir='ltr'>teneant</span> <span class='ocrx_word' id='word_1_131' title='bbox 347 1521 388 1556; x_wconf 90' lang='lat' dir='ltr'>et</span> <span class='ocrx_word' id='word_1_132' title='bbox 422 1517 664 1568; x_wconf 84' lang='lat' dir='ltr'>possideant</span> <span class='ocrx_word' id='word_1_133' title='bbox 703 1517 754 1556; x_wconf 89' lang='lat' dir='ltr'>ad</span> <span class='ocrx_word' id='word_1_134' title='bbox 790 1518 920 1568; x_wconf 88' lang='lat' dir='ltr'>ipsius</span> <span class='ocrx_word' id='word_1_135' title='bbox 954 1517 1276 1556; x_wconf 87' lang='lat' dir='ltr'>meliorationem</span> <span class='ocrx_word' id='word_1_136' title='bbox 1314 1519 1358 1555; x_wconf 92' lang='lat' dir='ltr'>ut</span> <span class='ocrx_word' id='word_1_137' title='bbox 1391 1515 1568 1555; x_wconf 88' lang='lat' dir='ltr'>diximus</span> <span class='ocrx_word' id='word_1_138' title='bbox 1601 1516 1798 1570; x_wconf 78' lang='lat' dir='ltr'>ciuitatis,</span> <span class='ocrx_word' id='word_1_139' title='bbox 1830 1515 2005 1568; x_wconf 87' lang='lat' dir='ltr'>pacifice</span> 
     </span>
     <span class='ocr_line' id='line_1_17' title="bbox 139 1584 2006 1637; baseline 0.001 -13"><span class='ocrx_word' id='word_1_140' title='bbox 139 1589 182 1624; x_wconf 90' lang='lat' dir='ltr'>et</span> <span class='ocrx_word' id='word_1_141' title='bbox 214 1586 365 1637; x_wconf 89' lang='lat' dir='ltr'>quiete.</span> <span class='ocrx_word' id='word_1_142' title='bbox 429 1586 477 1624; x_wconf 92' lang='lat' dir='ltr'>In</span> <span class='ocrx_word' id='word_1_143' title='bbox 511 1586 628 1624; x_wconf 88' lang='lat' dir='ltr'>cuius</span> <span class='ocrx_word' id='word_1_144' title='bbox 663 1587 722 1624; x_wconf 91' lang='lat' dir='ltr'>rei</span> <span class='ocrx_word' id='word_1_145' title='bbox 756 1586 1029 1625; x_wconf 85' lang='lat' dir='ltr'>testimonium</span> <span class='ocrx_word' id='word_1_146' title='bbox 1064 1589 1106 1624; x_wconf 93' lang='lat' dir='ltr'>et</span> <span class='ocrx_word' id='word_1_147' title='bbox 1138 1584 1266 1623; x_wconf 91' lang='lat' dir='ltr'>robur</span> <span class='ocrx_word' id='word_1_148' title='bbox 1299 1587 1501 1635; x_wconf 85' lang='lat' dir='ltr'>perpetuo</span> <span class='ocrx_word' id='word_1_149' title='bbox 1529 1585 1747 1623; x_wconf 88' lang='lat' dir='ltr'>valiturum</span> <span class='ocrx_word' id='word_1_150' title='bbox 1781 1588 2006 1636; x_wconf 85' lang='lat' dir='ltr'>presentes</span> 
     </span>
     <span class='ocr_line' id='line_1_18' title="bbox 139 1651 2005 1707; baseline 0 -15"><span class='ocrx_word' id='word_1_151' title='bbox 139 1651 228 1693; x_wconf 89' lang='lat' dir='ltr'>fieri</span> <span class='ocrx_word' id='word_1_152' title='bbox 256 1658 298 1693; x_wconf 90' lang='lat' dir='ltr'>et</span> <span class='ocrx_word' id='word_1_153' title='bbox 321 1654 477 1707; x_wconf 80' lang='lat' dir='ltr'>sigillis</span> <span class='ocrx_word' id='word_1_154' title='bbox 503 1655 731 1694; x_wconf 87' lang='lat' dir='ltr'>maiestatis</span> <span class='ocrx_word' id='word_1_155' title='bbox 757 1659 901 1693; x_wconf 90' lang='lat' dir='ltr'>nostre</span> <span class='ocrx_word' id='word_1_156' title='bbox 929 1652 1101 1693; x_wconf 86' lang='lat' dir='ltr'>fecimus</span> <span class='ocrx_word' id='word_1_157' title='bbox 1129 1653 1381 1692; x_wconf 88' lang='lat' dir='ltr'>communiri.</span> <span class='ocrx_word' id='word_1_158' title='bbox 1418 1652 1568 1692; x_wconf 88' lang='lat' dir='ltr'>Actum</span> <span class='ocrx_word' id='word_1_159' title='bbox 1594 1656 1636 1692; x_wconf 89' lang='lat' dir='ltr'>et</span> <span class='ocrx_word' id='word_1_160' title='bbox 1662 1652 1796 1692; x_wconf 87' lang='lat' dir='ltr'>datum</span> <span class='ocrx_word' id='word_1_161' title='bbox 1819 1653 2005 1707; x_wconf 75' lang='lat' dir='ltr'>Brunne,</span> 
     </span>
     <span class='ocr_line' id='line_1_19' title="bbox 138 1721 2006 1776; baseline 0 -15"><span class='ocrx_word' id='word_1_162' title='bbox 138 1733 216 1773; x_wconf 90' lang='lat' dir='ltr'>per</span> <span class='ocrx_word' id='word_1_163' title='bbox 247 1734 393 1762; x_wconf 89' lang='lat' dir='ltr'>manus</span> <span class='ocrx_word' id='word_1_164' title='bbox 428 1724 618 1776; x_wconf 82' lang='lat' dir='ltr'>magistri</span> <span class='ocrx_word' id='word_1_165' title='bbox 654 1724 827 1762; x_wconf 89' lang='lat' dir='ltr'>Henrici</span> <span class='ocrx_word' id='word_1_166' title='bbox 861 1723 1160 1774; x_wconf 79' lang='lat' dir='ltr'>prothonotarii</span> <span class='ocrx_word' id='word_1_167' title='bbox 1201 1722 1328 1776; x_wconf 89' lang='lat' dir='ltr'>regni</span> <span class='ocrx_word' id='word_1_168' title='bbox 1362 1722 1497 1760; x_wconf 88' lang='lat' dir='ltr'>nostri</span> <span class='ocrx_word' id='word_1_169' title='bbox 1531 1725 1572 1761; x_wconf 89' lang='lat' dir='ltr'>et</span> <span class='ocrx_word' id='word_1_170' title='bbox 1605 1721 1772 1772; x_wconf 85' lang='lat' dir='ltr'>plebani</span> <span class='ocrx_word' id='word_1_171' title='bbox 1806 1722 1846 1761; x_wconf 90' lang='lat' dir='ltr'>in</span> <span class='ocrx_word' id='word_1_172' title='bbox 1880 1721 2006 1762; x_wconf 85' lang='lat' dir='ltr'>Gors.</span> 
     </span>
     <span class='ocr_line' id='line_1_20' title="bbox 139 1790 2005 1845; baseline -0.001 -14"><span class='ocrx_word' id='word_1_173' title='bbox 139 1791 264 1831; x_wconf 87' lang='lat' dir='ltr'>Anno</span> <span class='ocrx_word' id='word_1_174' title='bbox 286 1791 436 1830; x_wconf 88' lang='lat' dir='ltr'>domini</span> <span class='ocrx_word' id='word_1_175' title='bbox 455 1792 676 1831; x_wconf 84' lang='lat' dir='ltr'>Millesimo</span> <span class='ocrx_word' id='word_1_176' title='bbox 696 1792 979 1831; x_wconf 85' lang='lat' dir='ltr'>ducentesimo</span> <span class='ocrx_word' id='word_1_177' title='bbox 999 1792 1317 1845; x_wconf 85' lang='lat' dir='ltr'>septuagesimo</span> <span class='ocrx_word' id='word_1_178' title='bbox 1336 1791 1524 1841; x_wconf 89' lang='lat' dir='ltr'>septimo.</span> <span class='ocrx_word' id='word_1_179' title='bbox 1542 1791 1640 1830; x_wconf 86' lang='lat' dir='ltr'><strong>XII.</strong></span> <span class='ocrx_word' id='word_1_180' title='bbox 1650 1790 1870 1830; x_wconf 87' lang='lat' dir='ltr'>Kalendas</span> <span class='ocrx_word' id='word_1_181' title='bbox 1887 1790 2005 1831; x_wconf 83' lang='lat' dir='ltr'>Maii.</span> 
     </span>
    </p>
   </div>
   <div class='ocr_carea' id='block_1_7' title="bbox 451 1888 1727 1933">
    <p class='ocr_par' dir='ltr' id='par_1_7' title="bbox 451 1888 1727 1933">
     <span class='ocr_line' id='line_1_21' title="bbox 451 1888 1727 1933; baseline -0.001 -11"><span class='ocrx_word' id='word_1_182' title='bbox 451 1890 481 1922; x_wconf 92' lang='lat' dir='ltr'><strong>E</strong></span> <span class='ocrx_word' id='word_1_183' title='bbox 506 1890 653 1922; x_wconf 86' lang='lat' dir='ltr'>codice</span> <span class='ocrx_word' id='word_1_184' title='bbox 676 1890 756 1923; x_wconf 80' lang='lat' dir='ltr'>MS,</span> <span class='ocrx_word' id='word_1_185' title='bbox 780 1891 1024 1933; x_wconf 75' lang='lat' dir='ltr'>privilegiorum</span> <span class='ocrx_word' id='word_1_186' title='bbox 1048 1889 1351 1932; x_wconf 88' lang='lat' dir='ltr'>Opavicnsium</span> <span class='ocrx_word' id='word_1_187' title='bbox 1376 1890 1407 1920; x_wconf 90' lang='lat' dir='ltr'>in</span> <span class='ocrx_word' id='word_1_188' title='bbox 1430 1898 1543 1920; x_wconf 88' lang='lat' dir='ltr'>museo</span> <span class='ocrx_word' id='word_1_189' title='bbox 1567 1888 1727 1921; x_wconf 87' lang='lat' dir='ltr'>ibidem.</span> 
     </span>
    </p>
   </div>
   <div class='ocr_carea' id='block_1_8' title="bbox 930 2055 1222 2100">
    <p class='ocr_par' dir='ltr' id='par_1_8' title="bbox 930 2055 1222 2100">
     <span class='ocr_line' id='line_1_22' title="bbox 930 2055 1222 2100; baseline -0.007 -2"><span class='ocrx_word' id='word_1_190' title='bbox 930 2055 1222 2100; x_wconf 85' lang='lat' dir='ltr'><strong>CXXXVIII.</strong></span> 
     </span>
    </p>
   </div>
   <div class='ocr_carea' id='block_1_9' title="bbox 143 2156 2008 2281">
    <p class='ocr_par' dir='ltr' id='par_1_9' title="bbox 143 2156 2008 2281">
     <span class='ocr_line' id='line_1_23' title="bbox 143 2156 2008 2211; baseline 0.001 -15"><span class='ocrx_word' id='word_1_191' title='bbox 143 2156 263 2197; x_wconf 86' lang='lat' dir='ltr'>Idem</span> <span class='ocrx_word' id='word_1_192' title='bbox 296 2159 517 2210; x_wconf 78' lang='lat' dir='ltr'>confirmat</span> <span class='ocrx_word' id='word_1_193' title='bbox 547 2160 691 2199; x_wconf 77' lang='lat' dir='ltr'>literas</span> <span class='ocrx_word' id='word_1_194' title='bbox 723 2160 886 2210; x_wconf 72' lang='lat' dir='ltr'>Alecrii‚</span> <span class='ocrx_word' id='word_1_195' title='bbox 927 2159 1221 2199; x_wconf 76' lang='lat' dir='ltr'>archidiaconi</span> <span class='ocrx_word' id='word_1_196' title='bbox 1253 2159 1553 2210; x_wconf 75' lang='lat' dir='ltr'>Znoymensis,</span> <span class='ocrx_word' id='word_1_197' title='bbox 1585 2170 1713 2211; x_wconf 81' lang='lat' dir='ltr'>super</span> <span class='ocrx_word' id='word_1_198' title='bbox 1740 2159 1846 2211; x_wconf 83' lang='lat' dir='ltr'>jure</span> <span class='ocrx_word' id='word_1_199' title='bbox 1875 2168 2008 2210; x_wconf 83' lang='lat' dir='ltr'>paro-</span> 
     </span>
     <span class='ocr_line' id='line_1_24' title="bbox 222 2225 1933 2281; baseline 0.001 -17"><span class='ocrx_word' id='word_1_200' title='bbox 222 2225 351 2265; x_wconf 76' lang='lat' dir='ltr'>chiali</span> <span class='ocrx_word' id='word_1_201' title='bbox 383 2228 510 2267; x_wconf 69' lang='lat' dir='ltr'>villae</span> <span class='ocrx_word' id='word_1_202' title='bbox 539 2228 755 2269; x_wconf 65' lang='lat' dir='ltr'>Ne&#39;mc‘ice.</span> <span class='ocrx_word' id='word_1_203' title='bbox 821 2230 891 2269; x_wconf 81' lang='lat' dir='ltr'>m.</span> <span class='ocrx_word' id='word_1_204' title='bbox 926 2228 1042 2281; x_wconf 80' lang='lat' dir='ltr'>apud</span> <span class='ocrx_word' id='word_1_205' title='bbox 1073 2230 1325 2278; x_wconf 76' lang='lat' dir='ltr'>Znoymctm,</span> <span class='ocrx_word' id='word_1_206' title='bbox 1365 2227 1446 2267; x_wconf 88' lang='lat' dir='ltr'>IV.</span> <span class='ocrx_word' id='word_1_207' title='bbox 1480 2227 1583 2268; x_wconf 82' lang='lat' dir='ltr'>Kal.</span> <span class='ocrx_word' id='word_1_208' title='bbox 1616 2227 1740 2279; x_wconf 75' lang='lat' dir='ltr'>Maji,</span> <span class='ocrx_word' id='word_1_209' title='bbox 1782 2225 1933 2267; x_wconf 78' lang='grc'><strong>1277.</strong></span> 
     </span>
    </p>
   </div>
   <div class='ocr_carea' id='block_1_10' title="bbox 148 2318 2009 2665">
    <p class='ocr_par' dir='ltr' id='par_1_10' title="bbox 148 2318 2009 2665">
     <span class='ocr_line' id='line_1_25' title="bbox 295 2318 2008 2393; baseline -0.002 -15"><span class='ocrx_word' id='word_1_210' title='bbox 295 2318 462 2378; x_wconf 85' lang='lat' dir='ltr'>Bruno</span> <span class='ocrx_word' id='word_1_211' title='bbox 510 2337 576 2376; x_wconf 90' lang='lat' dir='ltr'>dei</span> <span class='ocrx_word' id='word_1_212' title='bbox 626 2340 779 2392; x_wconf 82' lang='lat' dir='ltr'>gracia</span> <span class='ocrx_word' id='word_1_213' title='bbox 828 2340 1053 2391; x_wconf 87' lang='lat' dir='ltr'>episcopus</span> <span class='ocrx_word' id='word_1_214' title='bbox 1094 2339 1398 2393; x_wconf 68' lang='lat' dir='ltr'>olomucensis⁷</span> <span class='ocrx_word' id='word_1_215' title='bbox 1442 2339 1630 2379; x_wconf 89' lang='lat' dir='ltr'>omnibus</span> <span class='ocrx_word' id='word_1_216' title='bbox 1676 2338 1786 2378; x_wconf 88' lang='lat' dir='ltr'>hanc</span> <span class='ocrx_word' id='word_1_217' title='bbox 1833 2338 2008 2377; x_wconf 86' lang='lat' dir='ltr'>litteram</span> 
     </span>
     <span class='ocr_line' id='line_1_26' title="bbox 148 2405 2009 2458; baseline -0.001 -14"><span class='ocrx_word' id='word_1_218' title='bbox 148 2405 418 2458; x_wconf 73' lang='lat' dir='ltr'>inspecturis,</span> <span class='ocrx_word' id='word_1_219' title='bbox 467 2406 640 2445; x_wconf 85' lang='lat' dir='ltr'>salutem</span> <span class='ocrx_word' id='word_1_220' title='bbox 688 2409 727 2446; x_wconf 92' lang='lat' dir='ltr'>in</span> <span class='ocrx_word' id='word_1_221' title='bbox 775 2408 949 2448; x_wconf 85' lang='lat' dir='ltr'>domino.</span> <span class='ocrx_word' id='word_1_222' title='bbox 1021 2408 1127 2456; x_wconf 77' lang='lat' dir='ltr'>Quia</span> <span class='ocrx_word' id='word_1_223' title='bbox 1179 2408 1434 2448; x_wconf 87' lang='lat' dir='ltr'>venerabilis</span> <span class='ocrx_word' id='word_1_224' title='bbox 1484 2408 1672 2447; x_wconf 91' lang='lat' dir='ltr'>dominus</span> <span class='ocrx_word' id='word_1_225' title='bbox 1718 2405 2009 2446; x_wconf 82' lang='lat' dir='ltr'>Theodericus</span> 
     </span>
     <span class='ocr_line' id='line_1_27' title="bbox 152 2473 2008 2531; baseline -0.001 -19"><span class='ocrx_word' id='word_1_226' title='bbox 152 2473 287 2512; x_wconf 88' lang='lat' dir='ltr'>abbas</span> <span class='ocrx_word' id='word_1_227' title='bbox 321 2474 505 2513; x_wconf 81' lang='lat' dir='ltr'>ecclesie</span> <span class='ocrx_word' id='word_1_228' title='bbox 538 2475 764 2526; x_wconf 67' lang='lat' dir='ltr'>Lucensis,</span> <span class='ocrx_word' id='word_1_229' title='bbox 798 2480 840 2515; x_wconf 89' lang='lat' dir='ltr'>et</span> <span class='ocrx_word' id='word_1_230' title='bbox 872 2476 1058 2516; x_wconf 86' lang='lat' dir='ltr'>dominus</span> <span class='ocrx_word' id='word_1_231' title='bbox 1082 2478 1278 2531; x_wconf 73' lang='lat' dir='ltr'>allexius⁷</span> <span class='ocrx_word' id='word_1_232' title='bbox 1312 2479 1549 2529; x_wconf 84' lang='lat' dir='ltr'>prepositus</span> <span class='ocrx_word' id='word_1_233' title='bbox 1576 2475 1878 2526; x_wconf 76' lang='lat' dir='ltr'>olomucensis,</span> <span class='ocrx_word' id='word_1_234' title='bbox 1911 2476 2008 2512; x_wconf 81' lang='lat' dir='ltr'>tnnc</span> 
     </span>
     <span class='ocr_line' id='line_1_28' title="bbox 153 2542 2009 2597; baseline -0.001 -16"><span class='ocrx_word' id='word_1_235' title='bbox 153 2542 478 2582; x_wconf 83' lang='lat' dir='ltr'>archidiaconus</span> <span class='ocrx_word' id='word_1_236' title='bbox 512 2542 806 2597; x_wconf 68' lang='lat' dir='ltr'>znoymensis,</span> <span class='ocrx_word' id='word_1_237' title='bbox 840 2545 880 2582; x_wconf 95' lang='lat' dir='ltr'>in</span> <span class='ocrx_word' id='word_1_238' title='bbox 914 2556 1043 2584; x_wconf 84' lang='lat' dir='ltr'>causa</span> <span class='ocrx_word' id='word_1_239' title='bbox 1078 2557 1158 2596; x_wconf 85' lang='lat' dir='ltr'>que</span> <span class='ocrx_word' id='word_1_240' title='bbox 1192 2547 1299 2585; x_wconf 89' lang='lat' dir='ltr'>inter</span> <span class='ocrx_word' id='word_1_241' title='bbox 1333 2547 1447 2596; x_wconf 85' lang='lat' dir='ltr'>ipsos</span> <span class='ocrx_word' id='word_1_242' title='bbox 1482 2544 1726 2584; x_wconf 87' lang='lat' dir='ltr'>vertebatur</span> <span class='ocrx_word' id='word_1_243' title='bbox 1757 2552 1886 2592; x_wconf 89' lang='lat' dir='ltr'>super</span> <span class='ocrx_word' id='word_1_244' title='bbox 1918 2542 2009 2580; x_wconf 87' lang='lat' dir='ltr'>iure</span> 
     </span>
     <span class='ocr_line' id='line_1_29' title="bbox 151 2610 2008 2665; baseline 0 -16"><span class='ocrx_word' id='word_1_245' title='bbox 151 2611 382 2662; x_wconf 88' lang='lat' dir='ltr'>parochiali</span> <span class='ocrx_word' id='word_1_246' title='bbox 409 2611 506 2650; x_wconf 80' lang='lat' dir='ltr'>ville</span> <span class='ocrx_word' id='word_1_247' title='bbox 532 2610 584 2650; x_wconf 90' lang='lat' dir='ltr'>de</span> <span class='ocrx_word' id='word_1_248' title='bbox 604 2611 817 2663; x_wconf 69' lang='lat' dir='ltr'>Nemsa‘cz,</span> <span class='ocrx_word' id='word_1_249' title='bbox 841 2623 917 2663; x_wconf 89' lang='lat' dir='ltr'>per</span> <span class='ocrx_word' id='word_1_250' title='bbox 940 2615 1342 2664; x_wconf 85' lang='lat' dir='ltr'>compromissionem</span> <span class='ocrx_word' id='word_1_251' title='bbox 1369 2615 1409 2653; x_wconf 92' lang='lat' dir='ltr'>in</span> <span class='ocrx_word' id='word_1_252' title='bbox 1435 2613 1615 2652; x_wconf 83' lang='lat' dir='ltr'>arbitros</span> <span class='ocrx_word' id='word_1_253' title='bbox 1631 2610 2008 2665; x_wconf 79' lang='lat' dir='ltr'>eonem-dauerunt,</span> 
     </span>
    </p>
   </div>
  </div>
 </body>
</html>
