2138 2845
1034 194 1134 234 152

144 338 318 379 futurum
353 340 391 378 in
419 339 604 389 proximo
638 337 845 377 credimus
871 337 1084 390 veniente.³
1117 335 1344 375 concordia
1371 336 1462 386 ipsa
1486 335 1565 374 nisi
1593 340 1718 376 antea
1743 339 2002 393 prone-nevit,

144 407 356 447 efficacius
398 408 571 446 tractari
615 407 769 459 valeat7
811 410 852 445 et
891 406 970 445 deo
1014 405 1198 456 preduce
1238 409 1371 444 tecum
1406 404 1657 455 postmodum
1699 403 1860 445 facilius
1893 419 1998 447 con-

142 477 355 529 summari3
390 476 608 526 presertim
635 487 723 514 cum
751 480 792 514 et
816 475 920 513 idem
946 486 1024 513 rex
1057 475 1194 513 missis
1228 474 1265 512 ei
1292 472 1345 512 ad
1375 473 1453 512 hoc
1480 473 1824 524 persuasionibus
1850 477 2004 514 nostris

143 545 350 597 inductus7
384 545 505 583 nobis
529 556 662 595 nuper
694 556 794 583 suas
818 544 962 582 literas
996 543 1228 594 destinarit,
1262 553 1432 593 quarum
1467 543 1655 592 inspecto
1683 546 1829 581 tenore
1856 553 2007 592 spera-

143 625 230 652 mus
282 614 410 664 ipsum
460 613 512 652 de
555 613 665 652 dicta
705 611 931 651 concordia
978 611 1134 650 nostris
1185 610 1459 661 beneplacitis
1507 611 1745 661 pariturum.
1810 609 2008 650 Ceterum

143 681 424 721 Serenitatem
459 683 623 735 regiam
651 682 763 719 scire
797 680 985 719 volumus
1010 682 1052 718 et
1086 690 1159 729 pro
1185 682 1302 718 certo
1335 682 1498 733 tenere,
1523 690 1599 718 nos
1632 678 1830 718 decimam
1863 679 2009 718 eccle-

143 751 405 789 siasticorum
440 750 671 788 reddituum
706 750 745 787 in
773 759 911 802 regno
945 751 1014 786 tuo
1049 759 1123 798 pro
1157 751 1271 786 terre
1300 751 1448 786 sancte
1482 749 1658 802 negotio
1693 748 1809 787 iuxta
1837 747 2010 787 ordina-

142 819 293 857 tionem
327 822 508 857 nostram
551 817 701 856 editam
735 818 775 856 in
810 816 1093 871 Lug-dunensi
1132 816 1309 856 concilio
1343 816 1626 870 colligendam
1665 827 1745 856 nec
1785 819 2010 856 memorato

142 888 256 941 regi,
290 898 368 926 nec
393 888 582 938 cuiquam
617 882 685 925 alii
712 888 998 939 concessisse7
1031 885 1106 925 sed
1135 885 1242 937 quod
1278 897 1354 936 per
1377 886 1673 926 ordinationem
1707 886 1883 925 eandem
1917 885 2010 925 aliis

142 956 321 1009 regibus
371 959 436 994 est
482 967 745 1009 concessum7
788 955 986 995 videlicet
1034 959 1076 995 ut
1117 966 1195 994 rex
1244 955 1415 1007 quilibet
1461 955 1742 1006 personaliter
1789 955 2006 1009 negotium

143 1025 369 1075 predictum
412 1035 631 1063 assumens
672 1024 901 1063 huiusmodi
945 1024 1143 1063 decimam
1183 1024 1223 1063 in
1263 1025 1389 1064 terris
1437 1025 1526 1063 suis
1566 1024 1618 1063 ad
1668 1024 1798 1074 ipsius
1840 1023 2004 1078 negotii

143 1094 477 1145 prosecutionem
510 1093 709 1147 obtineat,
743 1104 822 1132 nec
856 1097 1081 1133 memorato
1115 1093 1213 1147 regi
1247 1104 1326 1133 nec
1359 1093 1432 1132 tibi
1465 1092 1689 1147 denegare
1723 1093 2005 1145 proponimus,

143 1173 222 1202 nec
256 1160 364 1201 foret
397 1164 519 1201 etiam
552 1162 864 1216 denegandum.
912 1162 1001 1203 Sed
1036 1173 1115 1201 nec
1149 1163 1306 1213 imperii
1340 1162 1467 1216 leges
1502 1163 1713 1201 immutare
1747 1161 2010 1215 intendimus,

143 1235 214 1270 aut
246 1232 377 1282 ipsius
403 1231 775 1270 consuetudinibus
802 1231 1041 1285 derogare3
1075 1235 1247 1282 propter
1271 1231 1378 1282 quod
1405 1242 1483 1270 nec
1509 1230 1694 1284 expedit,
1719 1241 1798 1269 nec
1825 1233 2011 1270 nostrum

143 1299 318 1339 deceret
351 1299 523 1338 officium
564 1301 662 1354 regi
696 1300 827 1339 eidem
869 1299 1139 1353 interdicere,
1172 1310 1251 1350 quo
1293 1300 1426 1338 minus
1459 1311 1535 1338 suo
1579 1300 1668 1338 iure
1701 1300 1791 1338 iura
1825 1297 2011 1338 eiusdem

144 1369 301 1419 imperii
337 1372 624 1420 prosequatur.
690 1369 847 1407 Verum
880 1379 1099 1419 speramus
1132 1368 1172 1406 in
1207 1367 1383 1421 domino,
1417 1367 1525 1419 quod
1558 1367 1593 1406 si
1627 1367 1782 1406 nostris
1816 1366 2010 1406 monitio-

143 1437 266 1476 nibus
309 1438 574 1490 acquiescas7
623 1438 732 1476 inter
770 1440 812 1476 te
853 1448 903 1476 ac
945 1447 1096 1490 regem
1139 1436 1316 1475 eundem
1363 1448 1448 1487 pax
1488 1435 1729 1475 desiderata
1772 1435 2005 1489 proueniet⁷

143 1506 290 1557 sicque
324 1507 454 1544 omnis
479 1506 771 1545 controuersie
805 1505 994 1544 cessabit
1025 1505 1209 1558 occasio,
1243 1504 1351 1555 quod
1375 1508 1418 1544 tu
1451 1509 1492 1544 et
1517 1505 1672 1555 ipsein
1700 1504 1858 1543 unitate
1889 1504 2009 1554 pacis

142 1575 258 1626 uniti,
292 1585 370 1613 vos
411 1578 453 1613 et
486 1575 526 1612 in
564 1578 679 1613 terre
712 1573 901 1625 predicte
944 1573 1137 1627 negotio,
1172 1577 1213 1612 et
1252 1574 1293 1612 in
1325 1574 1419 1612 aliis
1460 1577 1596 1612 mutuo
1629 1571 1776 1612 fauore
1809 1570 2008 1612 souebitis

143 1632 185 1682 et
218 1643 374 1682 auxilio
408 1641 601 1682 fulcietis.
665 1643 817 1682 Datum
850 1642 1076 1695 Amisiae,
1109 1641 1185 1681 VI.
1220 1653 1353 1681 nonas
1386 1641 1504 1681 Maii.
1569 1639 1845 1681 Pontificatus
1877 1640 2011 1681 nostri

143 1723 253 1751 anno
288 1716 448 1762 quarto.

456 1810 484 1841 E
509 1813 678 1852 regesto
703 1809 879 1842 Berardi
904 1809 951 1841 de
976 1810 1148 1851 Neapoli
1173 1811 1269 1851 epist.
1293 1808 1356 1842 99.
1382 1811 1412 1841 in
1436 1809 1660 1841 tabulariis
1683 1809 1915 1841 Vaticanis.

1001 1975 1161 2017 CvllL

147 2078 373 2129 otakarus,
399 2092 482 2118 rem
508 2081 712 2120 Boifmiae
737 2083 776 2119 el
795 2079 988 2120 marchio
1016 2080 1254 2129 Μοναυίαθ,
1287 2079 1616 2132 infeudationem
1646 2080 1778 2119 castri
1801 2079 2013 2119 Fallscein

143 2148 301 2199 fcta-lam
332 2161 408 2199 per
443 2150 703 2195 Brinnonem,
744 2150 987 2202 episcopum
1032 2149 1365 2199 Olomucensem,
1408 2148 1636 2199 anm-ico,
1675 2149 1764 2202 filio
1800 2147 2015 2188 Herbordz·

294 2217 346 2255 de
382 2218 591 2257 Fli'tllslein
624 2219 854 2271 confirmae.
918 2220 991 2259 De.
1026 2219 1216 2271 Praqae,
1249 2217 1329 2258 IV.
1360 2219 1509 2258 Nonas
1541 2218 1679 2270 Junii,
1720 2216 1872 2258 1275.

293 2308 408 2370 Nos
439 2328 677 2367 Otliacarus
706 2329 771 2369 dei
801 2331 945 2384 gratia
977 2342 1055 2370 rex
1073 2330 1259 2384 Boemie,
1284 2329 1370 2369 dux
1392 2330 1581 2384 Austrie⁷
1599 2328 2012 2384 Styrie7Karinthie7

146 2397 328 2436 marchio
354 2397 563 2449 Morauie7
584 2397 769 2437 (lominus
797 2397 1027 2453 (fai-niolio,
1047 2399 1258 2452 Mai-chie,
1280 2399 1404 2453 Egre
1429 2403 1470 2439 et
1496 2399 1650 2438 Portus
1675 2398 1836 2437 Naonis
1863 2395 2012 2434 deduci

147 2466 197 2505 ad
242 2466 422 2504 notitiam
464 2466 648 2504 uolumus
688 2470 765 2505 tam
809 2469 1061 2516 presentium
1102 2480 1224 2519 quam
1264 2467 1315 2507 ad
1352 2469 1583 2507 memoriam
1625 2465 1862 2517 futurorum,
1903 2463 2010 2515 quod

148 2533 470 2574 infeudationem
499 2535 732 2573 medietatis
757 2536 884 2573 castri
912 2537 950 2574 in
981 2537 1242 2575 hanenstein
1267 2535 1417 2575 factam
1445 2548 1520 2587 per
1546 2536 1745 2575 dominum
1773 2534 2008 2571 Brunonem

147 2603 434 2642 venerabilem
458 2603 773 2642 (namucensem
802 2604 1041 2653 episcopum
1071 2604 1279 2643 lecket-ico
1309 2605 1400 2656 fillo
1425 2602 1640 2643 Herbordae·
1672 2601 1723 2640 de
1751 2601 2011 2641 Falleris-[ein
