2138 2845
953 172 1057 213 357

875 310 1140 354 CCLXXX.

71 411 166 452 Leo
205 409 258 449 de
296 407 585 449 Palem-adice
631 407 760 447 donat
795 407 1048 446 monasterio
1094 404 1450 445 Za'brdowicensi
1496 408 1672 445 montem
1711 407 1929 447 vinearum

431 478 476 517 in
507 475 772 527 Kurde'yow.
836 476 908 515 Dc.
940 473 1165 514 Kalendas
1196 473 1375 527 Aprilis,
1415 472 1566 514 1289.

221 569 345 642 Ego
378 587 499 627 Leua
533 587 585 627 de
618 585 897 626 Polehradicz
930 596 1111 636 sperans
1144 583 1254 625 felici
1288 585 1603 625 commutatione
1636 597 1710 636 pro
1743 588 1926 627 terrenis

71 657 262 710 celestia,
295 660 337 696 et
370 667 444 707 pro
476 655 729 695 transitoriis
762 654 889 692 rebus
923 654 1078 704 premia
1119 654 1320 705 consequi
1353 654 1606 705 sempiterna
1640 666 1715 705 pro
1748 667 1928 695 meorum

70 729 285 777 parentum
318 735 369 763 ac
403 735 477 774 pro
510 723 694 762 remedio
727 725 1007 774 peccatorum,
1042 726 1161 773 prout
1194 722 1314 762 etiam
1341 734 1365 761 a
1389 722 1637 762 charissima
1670 726 1801 762 matre
1835 735 1927 763 mea

70 794 112 833 in
144 792 345 834 extremis
368 795 529 845 agente
562 791 601 830 in
628 791 830 831 mandatis
855 791 1014 844 recepi7
1039 795 1211 830 montem
1239 791 1466 843 vinearum,
1492 791 1560 842 qui
1580 790 1730 830 dicitur
1747 791 1926 843 Lippina

68 862 232 902 iuuenis
271 862 312 901 in
353 859 588 911 Om-deyow
625 864 774 900 tenore
813 861 1067 911 presentium
1108 860 1174 913 do7
1221 859 1340 912 cedo⁷
1384 858 1502 898 trado
1542 860 1633 898 iure
1673 861 1840 911 proprio
1885 861 1925 899 in

65 932 309 982 perpetuum
343 928 575 969 venerabili
618 929 725 980 patri
765 928 926 968 domino
966 927 1232 967 Theodorico
1275 927 1432 981 abbati7
1475 929 1517 966 et
1549 938 1625 978 per
1657 939 1747 967 eum
1780 939 1926 968 mona-

65 999 196 1039 sterio
235 1009 314 1037 suo
354 996 697 1038 Zabrdouicensz’
745 1008 834 1036 cum
883 997 988 1036 omni
1031 997 1134 1050 iure7
1181 1008 1261 1036 vsu
1300 1007 1377 1035 seu
1418 996 1703 1050 requisitione,
1747 999 1789 1036 et
1835 1008 1926 1036 cum

67 1066 269 1121 omnibus,
310 1077 391 1118 que
423 1066 552 1105 habet
590 1077 717 1117 supra
750 1076 813 1118 se,
855 1063 960 1104 infra
994 1075 1057 1118 se,
1097 1075 1174 1104 seu
1208 1065 1314 1103 intra
1354 1075 1403 1104 se
1444 1065 1484 1104 in
1517 1066 1726 1119 integrum
1760 1068 1802 1105 et
1834 1077 1925 1105 cum

65 1135 161 1175 aliis
193 1134 380 1175 omnibus
412 1134 571 1174 iuribus
604 1138 646 1174 et
678 1134 937 1186 pertinentiis
969 1134 1181 1173 vniuersis
1221 1133 1274 1173 ad
1308 1132 1483 1172 eundem
1515 1136 1689 1172 montem
1722 1137 1924 1184 spectau-

66 1203 192 1258 tibus,
225 1203 419 1256 donoque
451 1206 494 1243 et
524 1201 696 1243 consero
729 1203 770 1241 in
802 1205 1044 1253 perpetuam
1069 1202 1347 1252 elemosynam
1375 1199 1545 1240 fratrum
1573 1202 1757 1240 eiusdem
1781 1202 1924 1241 Zabr-

65 1271 306 1312 douicensis
338 1272 593 1325 monasterii,
633 1271 874 1322 promittens
915 1281 990 1321 pro
1030 1281 1093 1310 me
1133 1270 1319 1321 meisque
1358 1268 1585 1308 heredibus
1619 1269 1728 1309 dicto
1763 1269 1924 1309 domino

63 1339 207 1380 abbati
248 1343 291 1380 et
321 1339 644 1379 successoribus
686 1339 778 1379 eius
817 1338 949 1378 eidem
989 1338 1241 1377 monasterio
1286 1337 1337 1376 de
1378 1337 1488 1376 dicto
1531 1341 1666 1376 monte
1699 1348 1788 1377 cum
1822 1349 1923 1389 per-

63 1408 248 1449 tinentiis
278 1408 368 1448 suis
401 1408 727 1460 quibuscumque
751 1417 971 1459 nunquam,
1004 1417 1084 1446 nec
1117 1405 1170 1445 de
1196 1409 1315 1457 parte
1349 1406 1440 1445 eius
1473 1417 1641 1445 mouere
1673 1410 1924 1446 controuer-

61 1477 165 1518 siam
197 1487 276 1518 seu
306 1477 431 1531 litem⁷
463 1487 544 1516 nec
575 1473 747 1529 inferre,
779 1485 859 1514 nec
892 1472 1035 1514 inferri
1068 1474 1325 1528 consentire,
1359 1474 1436 1514 sed
1468 1475 1600 1526 ipsum
1634 1479 1809 1514 montem
1841 1479 1923 1516 tam

61 1544 105 1585 in
137 1545 425 1599 possessione,
458 1555 577 1596 quam
616 1544 658 1583 in
689 1543 947 1594 proprietate
989 1543 1122 1582 eidem
1164 1543 1416 1582 monasterio
1456 1543 1510 1581 ab
1544 1543 1648 1582 omni
1682 1543 1846 1582 homine
1880 1546 1922 1582 et

62 1613 340 1654 vniuersitate
378 1613 521 1667 legum
560 1615 658 1651 tunc
697 1609 942 1662 defendere,
990 1610 1254 1650 auctorizare
1301 1613 1343 1650 et
1385 1610 1643 1664 disbrigare,
1688 1611 1921 1661 nullamque

62 1684 210 1721 contra
243 1680 505 1721 donationem
538 1679 765 1731 predictam
798 1679 1098 1718 restitutionem
1132 1680 1278 1728 petere
1310 1678 1447 1729 aliqua
1481 1679 1641 1717 ratione
1676 1678 1743 1717 vel
1776 1689 1920 1731 causa7

61 1750 319 1789 renuncians
361 1749 467 1789 omni
500 1748 601 1787 iuris
642 1747 799 1787 auxilio
832 1747 1024 1786 canonici
1065 1749 1108 1786 et
1140 1746 1287 1785 ciuilis.
1349 1746 1499 1786 Actum
1541 1747 1582 1786 in
1617 1747 1773 1800 Bruna⁷
1807 1758 1917 1786 anno

62 1816 214 1858 domini
245 1817 308 1858 M.
341 1813 433 1857 CC.
466 1815 783 1856 Lxxxvlffl.
830 1815 930 1856 XV.
964 1814 1181 1855 Kalendas
1213 1815 1385 1866 Aprilis.

372 1914 426 1948 Ex
448 1913 677 1948 Annalibus
701 1913 811 1947 MSS.
835 1912 1021 1956 ejusdem
1045 1915 1243 1946 monasterii.

847 2078 1133 2121 CCLxxxl.

61 2183 206 2224 Renes*
252 2182 304 2222 de
344 2182 534 2222 Bram'ce
575 2182 810 2231 (Krawar)
843 2182 1009 2234 confert
1052 2183 1307 2221 monasterio
1347 2180 1603 2222 Gradicensz·
1635 2183 1837 2222 ecclesias
1870 2184 1914 2222 in

92 2251 283 2293 Bram'ce
315 2253 353 2289 ec
385 2250 560 2292 Uwalno
592 2262 676 2290 una
709 2262 803 2290 cum
835 2262 979 2290 earum
1013 2249 1116 2289 dole.
1166 2251 1237 2290 De.
1273 2249 1495 2301 olomuc-ii,
1530 2250 1608 2290 IV.
1643 2250 1866 2290 Kalendas

802 2319 978 2370 Aprilis,
1019 2318 1169 2359 1289.

232 2411 288 2471 In
322 2429 484 2469 nomine
518 2428 666 2468 domini
709 2440 840 2469 amen.
904 2430 994 2469 Nos
1036 2430 1245 2469 Benesius
1286 2429 1421 2470 dictus
1461 2428 1515 2470 de
1554 2430 1737 2469 Branicz
1777 2432 1818 2468 et
1859 2428 1911 2467 de

58 2497 318 2538 Lobenstein
343 2501 489 2537 tenore
517 2499 778 2548 presencium
803 2497 978 2537 fideliter
1004 2501 1291 2550 protestamur,
1318 2499 1424 2549 quod
1451 2510 1526 2538 nos
1553 2498 1606 2538 de
1632 2498 1741 2537 bona
1766 2499 1909 2535 nostra

61 2567 273 2608 voluntate
306 2572 348 2608 et
370 2566 530 2606 domine
549 2566 781 2618 Elyzabetli
818 2567 962 2605 vxoris
997 2570 1138 2606 nostre
1172 2570 1214 2606 et
1234 2566 1476 2607 XVockonis
1503 2567 1641 2607 dilecti
1674 2564 1738 2604 lilii
1763 2565 1908 2616 nostri7
