2138 2845
979 184 1046 224 30

80 330 121 366 et
153 325 234 364 alia
268 326 451 365 seruicia
485 325 536 364 ad
563 325 748 365 ualerem
781 325 931 365 lotonis
956 326 1023 365 uel
1057 326 1228 376 amplius
1254 326 1562 380 pei-soluentes,
1596 337 1676 378 que
1709 339 1798 367 cum
1834 338 1934 379 pre-

78 392 175 433 fatis
215 394 336 433 bonis
387 396 425 433 in
473 395 614 432 maiori
656 395 867 433 Hosschiz
906 407 931 434 a
973 395 1160 445 predicto
1209 395 1362 434 abbate
1402 398 1528 433 antea
1575 400 1853 447 compararat,
1900 397 1940 436 in

78 475 223 502 manus
258 467 426 502 nostras
466 463 599 502 libere
635 465 882 518 resignaret
923 465 1107 503 ecclesie
1141 470 1284 503 nostre
1326 467 1525 514 perpetuo
1560 465 1781 503 seruitura.
1845 465 1936 504 Nos

79 538 214 571 autem
257 532 389 570 eidem
431 531 482 570 de
524 532 711 571 omnibus
752 534 1039 585 proventibus,
1081 544 1161 584 que
1202 533 1426 583 antiquitus
1471 534 1509 571 in
1550 533 1690 571 maiori
1725 533 1939 572 Hosschiz

78 606 222 639 nostra
263 600 448 639 ecclesia
498 601 754 654 possidebat7
807 613 881 651 per
919 602 1149 640 unanimem
1191 603 1320 640 nostri
1368 606 1601 640 conuentus
1645 602 1859 640 consilium
1901 605 1943 641 et

79 680 343 722 consensum,
377 670 454 708 sibi
489 671 660 720 suisque
693 669 921 708 heredibus
955 680 1033 708 sev
1067 670 1392 709 successoribus
1426 670 1478 709 de
1512 671 1618 710 omni
1651 670 1840 709 molestia
1874 667 1943 708 uel

79 738 330 788 impetitione
379 738 642 790 cederemus⁷
693 737 943 776 dimittentes
993 748 1069 776 eos
1110 743 1311 788 perpetuo
1361 739 1517 778 liberos
1565 743 1607 778 et
1647 740 1823 790 quietos.
1886 737 1944 779 Ut

80 809 216 845 autem
249 804 452 856 prefatum
495 805 706 844 arbitrium
748 816 823 855 per
862 809 942 843 tam
984 806 1234 857 sollempnes
1274 808 1389 847 viros
1429 819 1480 847 ac
1521 808 1718 859 prouidos
1759 818 1941 847 concor-

81 874 234 927 datum7
268 873 419 913 firmum
447 878 488 912 et
514 874 665 913 stabile
688 874 983 912 inuiolabiliter
1007 878 1270 928 perseueret,
1304 880 1542 925 presentem
1567 876 1753 915 cedulam
1788 876 1944 915 exinde

78 944 356 993 conscriptam
391 942 442 981 de
475 943 606 981 nostri
639 948 871 982 conuentus
899 954 1113 982 consensu
1146 955 1195 982 ac
1224 944 1398 983 consilio
1431 942 1634 997 vniformi7
1669 944 1800 983 eidem
1826 944 1943 983 Her-

75 1023 224 1050 manno
257 1010 513 1064 tradidimus7
541 1012 672 1050 nostri
705 1012 836 1065 sigilli
862 1012 1078 1050 munimine
1104 1012 1353 1051 roboratam.
1403 1010 1534 1052 Cuius
1568 1014 1630 1052 rei
1656 1016 1790 1052 testes
1823 1017 1943 1051 sunt:

76 1078 209 1119 frater
241 1080 453 1119 Iohannes
488 1081 600 1131 prior
633 1080 686 1119 de
718 1080 861 1121 Saaln·
894 1084 935 1120 et
969 1079 1099 1119 frater
1137 1080 1348 1121 Iohannes
1382 1082 1589 1135 magister
1629 1081 1746 1120 curie
1780 1083 1821 1120 in
1853 1080 1944 1121 Sti-

77 1149 196 1189 boriz
229 1149 419 1188 monachi
461 1149 723 1206 sacerdotes.
765 1147 886 1190 Cvno
920 1151 1177 1189 camerarius
1218 1149 1520 1189 Olomucensis.
1561 1149 1808 1190 Hartliebus
1841 1150 1946 1189 sub-

79 1219 339 1257 camerarius
388 1218 537 1257 domini
586 1219 720 1272 regis.
766 1219 912 1258 Milota
963 1219 1015 1257 de
1064 1217 1314 1266 Quasschiz.
1359 1219 1548 1258 Zascbit.
1600 1219 1845 1269 XVoyzlaus
1887 1217 1940 1258 de

78 1287 282 1327 Heroltiz.
317 1287 515 1326 Zwirchs
549 1287 601 1326 de
634 1287 780 1326 Nascil
813 1287 1022 1326 zudarius.
1056 1287 1251 1327 Mracota
1286 1287 1338 1327 de
1364 1286 1586 1328 Crawarn.
1620 1288 1852 1327 Mirozlaus
1885 1287 1939 1326 de

77 1356 217 1396 Piess.
259 1356 431 1395 Milites.
473 1355 716 1407 Gunpertns
758 1356 990 1395 aduocatus
1031 1356 1083 1394 de
1123 1356 1365 1395 Lubeschiz
1407 1361 1448 1396 et
1487 1356 1780 1395 Theodericus
1814 1354 1948 1395 frater

80 1425 185 1464 eius.
219 1423 402 1465 sifridus
445 1425 496 1463 de
530 1423 773 1479 legerdorf.
816 1425 1047 1464 Vilhelmus
1091 1425 1274 1476 Strippir
1314 1425 1546 1465 aduocatus
1580 1425 1865 1476 Oppaviensis
1905 1428 1948 1465 et

79 1493 284 1533 Albertus
314 1492 446 1532 frater
473 1495 577 1532 eius.
612 1492 862 1533 Erenl'ridus
890 1500 931 1533 et
960 1495 1138 1544 Rapoto.
1162 1494 1455 1533 Meinhardus.
1489 1494 1748 1533 &vilhelmus
1776 1504 1946 1548 cogno-

79 1567 217 1601 mento
258 1563 464 1601 Hovwer.
508 1563 765 1617 Henningus
806 1565 1014 1617 magister
1055 1569 1230 1602 monete.
1274 1563 1486 1602 Heroldus
1536 1567 1578 1602 et
1617 1561 1841 1603 Cristanus
1875 1561 1944 1602 filii

82 1631 257 1670 Volradi
292 1633 408 1671 ciues
436 1631 729 1682 Oppauienses
764 1637 805 1671 et
828 1633 895 1671 alii
930 1644 1047 1684 quam
1082 1633 1239 1683 plurimi
1267 1633 1358 1671 viri.
1412 1633 1519 1671 Acta
1546 1638 1643 1672 sunt
1670 1632 1749 1671 hec
1777 1632 1947 1671 sollem-

81 1701 217 1751 pniter
251 1701 289 1738 in
323 1700 452 1739 choro
477 1701 672 1739 minorum
700 1699 870 1740 fratrum
899 1702 936 1740 in
968 1702 1171 1754 Oppauia7
1205 1714 1313 1740 anno
1344 1701 1464 1740 verbi
1490 1701 1694 1740 incarnati
1722 1701 1946 1741 Millesimo

82 1767 172 1810 CC.
204 1769 366 1809 LXIX.
402 1769 535 1819 pridie
570 1782 703 1809 nonas
736 1770 1011 1821 Septembris.
1047 1771 1271 1810 indictione
1305 1771 1404 1810 ΧΠ.

398 1868 452 1900 Ex
476 1869 674 1910 originali
699 1871 729 1900 in
753 1869 889 1900 archivo
914 1869 1173 1901 Trebonrnsi
1198 1869 1307 1902 deser.
1333 1866 1528 1911 Palacky.

946 2038 1032 2077 XX
1039 2037 1089 2076 V.

84 2137 250 2185 Brimo,
285 2139 507 2189 episcopus
543 2139 852 2191 olomucensis,
893 2140 1108 2179 decis-ores
1142 2140 1226 2179 lili-s·
1259 2141 1364 2179 inter
1401 2141 1562 2193 fratres
1598 2140 1864 2192 Templarios
1897 2137 1949 2177 de

88 2193 334 2258 Ceykozrice
366 2210 404 2245 el
434 2210 733 2247 monasterium
767 2210 977 2259 Zaa-ense,
1012 2212 1311 2261 lemm'nnmque
1343 2209 1571 2248 decisionis
1605 2208 1809 2259 desi‘qnal.
1875 2207 1947 2246 Dc.

452 2274 688 2326 Crenas-irie)
730 2276 827 2316 VII.
864 2278 1088 2317 Kalendas
1124 2278 1331 2330 Octobris,
1375 2278 1584 2330 (1269).

217 2369 453 2438 B.(runo]
496 2387 561 2425 dei
596 2389 748 2441 gracia
792 2388 1080 2428 olomucensis
1125 2391 1361 2442 Episcopus
1394 2390 1642 2441 l'receptori
1677 2392 1718 2428 et
1751 2386 1948 2427 fratribus

86 2457 126 2496 in
160 2455 413 2507 ›S'clzeylfwiz
446 2456 618 2495 salutem
662 2468 750 2494 cum
786 2457 1039 2506 plenitudine
1080 2460 1267 2498 amicicie
1307 2464 1348 2498 et
1388 2457 1560 2498 fauoris.
1626 2459 1671 2497 In
1705 2466 1833 2495 causa
1868 2464 1949 2505 que

87 2526 262 2564 uertitur
294 2526 403 2564 inter
442 2525 633 2564 abbatem
678 2530 719 2563 et
752 2530 999 2563 conuentum
1042 2525 1093 2563 (le
1127 2527 1215 2565 Sar
1257 2528 1414 2566 ordinis
1455 2526 1743 2566 cisterciensis
1777 2535 1833 2563 ex
1867 2536 1948 2562 una

87 2599 207 2644 parte
241 2600 280 2633 et
316 2606 391 2634 uos
427 2594 588 2633 nomine
623 2594 808 2633 ecclesie
842 2594 893 2632 de
928 2593 1153 2633 schelza-iz-
1186 2607 1314 2646 snper
1347 2596 1507 2635 decima
1542 2594 1638 2633 uille
1670 2592 1955 2644 michelsclorf
